2056 3176
993 231 1223 277 —94--

366 366 369 369 ·
405 352 490 396 113
536 354 758 409 utramque
782 351 1018 396 scribendi
1063 353 1272 395 rationem
1318 354 1550 410 usurpavit.
1587 379 1640 385 —
1673 354 1814 412 Hujus

402 430 572 486 generis
619 430 813 485 exempla
857 432 977 473 sunt:
1025 436 1153 471 παντᾱ
1185 430 1249 473 bis
1280 446 1320 474 v.
1353 431 1393 483 6,
1426 427 1551 473 ταύτᾱ
1580 448 1621 476 v.
1655 434 1724 485 18,
1756 440 1835 475 πᾶ,

401 507 478 560 (=
510 506 608 564 quo)
639 522 679 550 v.
713 508 790 558 33;
823 505 927 547 τεῐδε
959 522 1000 550 v.
1036 507 1120 549 118
1151 507 1228 561 (=
1260 507 1358 561 hic).

542 583 596 628 B.
657 584 875 626 Adverbia
904 584 1058 625 localia
1088 584 1132 625 in
1163 598 1217 623 -ω
1249 584 1503 627 desinentia:

542 657 621 701 ὦδε
650 676 717 703 vv.
751 661 821 713 33,
855 661 923 712 78,
957 658 1035 701 ἔσω
1066 675 1106 704 v.
1138 660 1209 712 43,
1242 658 1324 701 ἄνω
1352 676 1392 703 v.
1428 662 1525 714 125,
1549 660 1624 709 ἔξω
1645 678 1684 706 v.
1712 664 1811 707 132.

543 736 761 780 Adverbia
806 751 883 792 per
928 750 981 775 -ω
1027 737 1227 795 exeuntia
1261 737 1511 792 plerumque
1543 739 1675 780 locum
1706 740 1814 781 unde

405 813 661 869 significare,
693 827 726 853 ω
755 812 945 855 vocalem
976 798 1388 855 circumflectendam
1421 828 1511 855 esse
1541 815 1690 856 statuit
1701 815 1811 857 Ahr.

399 890 430 933 l.
462 904 498 932 c.
530 889 630 932 374.
692 889 758 932 De
789 885 867 930 ὧδε
898 889 927 932 l.
961 904 996 932 c.
1029 889 1114 932 376
1145 888 1260 932 haec:
1300 888 1714 942 „Demonstrativum
1734 887 1813 932 ὧδε

401 981 454 1008 ex
484 962 589 1007 ὧσδε
619 966 778 1008 factum
820 968 885 1008 est
914 965 983 1021 (Ρ),
1016 968 1064 1008 ut
1093 966 1237 1023 vulgo.
1299 966 1401 1016 Quae
1433 982 1527 1019 vox,
1558 968 1669 1022 quod
1701 969 1813 1023 apud

400 1042 674 1085 Theocritum
706 1058 819 1098 saepe
851 1043 1036 1085 locativa
1066 1045 1276 1098 potestate
1308 1043 1441 1085 utitur
1471 1044 1537 1086 hie
1565 1047 1607 1086 et
1627 1044 1719 1098 huc,
1741 1045 1813 1088 vix

401 1134 423 1161 e
456 1119 614 1162 Doride
644 1118 796 1162 hausta
838 1121 942 1161 est“.
1005 1119 1144 1162 Docet
1184 1122 1325 1162 autem
1358 1119 1407 1162 G.
1440 1120 1588 1175 Meyer
1620 1121 1705 1163 294
1738 1121 1812 1163 ad-

401 1195 549 1238 verbia
580 1195 625 1237 in
655 1209 687 1234 ω
719 1195 955 1237 desinentia
987 1195 1184 1250 antiquos
1216 1196 1421 1238 ablativos
1444 1210 1534 1238 esse
1557 1199 1630 1246 (=
1652 1211 1810 1239 sansor.

400 1272 484 1326 -αθ
525 1273 568 1313 et
608 1273 662 1314 ab
694 1271 816 1314 initio
847 1272 891 1313 in
923 1272 1006 1313 fine
1037 1271 1237 1314 habuisse
1268 1272 1567 1328 primigeniam
1600 1273 1812 1315 dentalem

400 1348 673 1404 explosivam‚
706 1363 790 1404 qua
822 1349 991 1404 abjecta
1018 1350 1132 1391 ortas
1155 1363 1245 1391 esse
1267 1348 1423 1391 formas
1445 1363 1523 1404 per
1543 1363 1575 1389 ω
1595 1351 1810 1393 exeuntes.

406 1421 567 1478 ,οὕτως
599 1422 719 1472 ὅπως,
752 1430 848 1471 πῶς,
881 1421 937 1470 ὥς
967 1425 1052 1467 und
1074 1425 1141 1467 die
1163 1439 1309 1481 grosse
1337 1425 1477 1468 Masse
1500 1426 1575 1468 der
1595 1425 1811 1469 Adverbia

399 1503 478 1544 auf
515 1515 592 1547 -ως
636 1516 719 1544 von
765 1500 1176 1557 Adjectivstammen
1221 1502 1363 1545 haben
1409 1503 1482 1544 das
1520 1517 1563 1549 -ς
1594 1503 1656 1545 als
1688 1503 1811 1546 einen

397 1577 826 1634 unurspriinglichen,
878 1578 1011 1620 durch
1069 1577 1279 1634 Analogie
1330 1579 1477 1620 weiter
1526 1579 1811 1621 verbreiteten

398 1654 564 1705 ZusatZ,
598 1655 672 1696 der
710 1654 928 1696 vielleieht
967 1669 1048 1696 von
1079 1654 1260 1696 Formen
1292 1655 1370 1697 wie
1404 1652 1507 1702 ἐκ-ς,
1542 1653 1653 1702 ἀπ-ς,
1688 1643 1809 1702 ὲντόξ,

399 1728 527 1778 ἐκτός,
575 1745 883 1787 ausgegangen
928 1730 1027 1774 ist“.
1088 1728 1208 1773 Idem
1254 1730 1431 1787 Brugm.
1478 1731 1506 1773 1.
1540 1746 1574 1773 c.
1609 1731 1664 1774 59
1698 1730 1721 1786 ξ
1754 1732 1809 1774 80

397 1807 539 1850 sentit.
602 1806 685 1850 Sed
729 1807 859 1849 miror
899 1808 1009 1862 quod
1047 1806 1096 1850 G.
1127 1807 1277 1862 Meyer
1308 1808 1436 1850 etiam
1467 1804 1544 1848 ὧδε
1577 1808 1810 1850 ablativum

398 1886 657 1939 esse-putat.
719 1883 826 1926 Eam
858 1883 996 1938 ipsam
1026 1884 1079 1926 ob
1111 1898 1294 1935 eausam,
1327 1884 1437 1939 quod
1468 1880 1545 1924 ὧδε
1579 1883 1670 1925 ’hic’
1705 1884 1810 1925 ’huc'

397 1960 641 2017 significare
688 1962 839 2015 potest,
886 1974 964 2015 pro
1010 1960 1196 2003 ablativo
1227 1960 1376 2003 haberi
1408 1975 1487 2002 non
1521 1962 1672 2015 potest.
1737 1960 1811 2002 Ofr

396 2033 607 2093 praeterea
639 2037 689 2078 de
720 2036 788 2078 his
830 2037 951 2079 advv.
983 2036 1210 2079 Frohwein
1242 2036 1356 2079 Curt.
1390 2036 1496 2079 Stud
1527 2035 1590 2081 Iza
1622 2036 1808 2089 74—76‚

397 2113 574 2169 Brugm.
621 2113 649 2155 l.
698 2127 734 2156 o.
785 2113 868 2155 110
917 2113 1072 2168 3181.
1136 2113 1308 2155 Curtius
1331 2112 1456 2169 ¹Stud⁸
1489 2113 1542 2155 X.
1576 2114 1804 2155 218--221

395 2189 443 2232 in
472 2189 684 2242 sententia
713 2190 917 2232 remansit
955 2189 1256 2246 primigeniam
1288 2190 1459 2231 finalem
1490 2189 1704 2231 dentalem
1735 2190 1809 2231 ad-

393 2267 636 2309 verbiorum
667 2281 744 2321 per
774 2280 828 2312 ως
859 2267 1103 2309 exeuntium
1134 2267 1178 2308 in
1211 2280 1231 2312 ς
1261 2268 1470 2308 mutatum
1503 2281 1607 2309 esse.

488 2379 492 2382 .
539 2340 586 2386 C.
648 2342 714 2384 De
747 2342 959 2386 adverbiis
989 2343 1033 2384 in
1054 2343 1150 2383 -θεν
1172 2343 1475 2394 desinentibus,
1496 2356 1590 2397 quae
1613 2343 1667 2384 ab
1689 2341 1809 2383 initio

395 2418 572 2462 ablativi
616 2418 906 2460 declinationis
952 2419 1255 2474 pronominalis
1301 2418 1431 2460 fuisse
1469 2418 1678 2469 videntur,
1710 2417 1807 2459 vide

393 2495 568 2551 Krfiger
599 2493 768 2538 Griech.
802 2493 993 2551 Sprachl.
1028 2493 1062 2539 I.
1095 2495 1119 2550 ἓ
1154 2496 1221 2547 11,
1257 2496 1325 2548 14,
1360 2496 1400 2547 2,
1433 2493 1488 2537 ΙΙ.
1523 2494 1545 2549 ξ
1579 2494 1619 2546 8,
1651 2494 1692 2546 4,
1716 2493 1740 2547 ἓ
1763 2495 1803 2543 9,

393 2573 435 2624 4,
484 2574 524 2623 3,
573 2571 596 2626 ἓ
631 2571 699 2624 19,
733 2574 772 2624 3,
815 2571 993 2614 ΚῦΙιηθι·
1024 2571 1193 2614 Griech.
1227 2571 1368 2614 Gram.
1403 2570 1436 2614 I.
1469 2572 1554 2612 228
1585 2585 1688 2625 seq.‚
1723 2571 1806 2611 730

392 2664 496 2705 seq.‚
531 2648 635 2691 Ahr.
669 2649 696 2691 l.
731 2664 766 2691 c.
801 2650 885 2691 366
917 2664 1019 2705 seq.‚
1051 2649 1228 2691 Meister
1258 2648 1387 2691 Diall.
1420 2646 1454 2690 I.
1488 2649 1558 2700 40,
1587 2646 1705 2689 Stud.
1727 2644 1806 2689 IV.
