2056 3176
876 224 1119 266 -9--

261 343 343 393 27;
389 341 497 395 (rad.
522 334 646 396 ’σμα)
693 346 836 396 σμᾶμα
859 340 891 394 ¹)
936 355 977 383 v.
1024 341 1080 382 30
1113 339 1241 395 (quod
1273 354 1368 382 cum
1399 340 1474 382 lat.
1506 341 1671 382 macula

260 419 472 461 cohaererc
504 410 742 472 suspicatur
773 417 820 459 L.
854 417 1002 472 Meyer
1033 418 1151 471 623).

401 493 475 537 Bis
506 493 624 536 codd.
656 507 683 550 η
715 508 791 549 pro
825 507 851 533 α
881 493 1234 550 longo'tuentur:
1281 492 1496 551 πλανηθῇςΙ
1526 508 1565 537 v.
1600 494 1669 546 67,

261 570 441 627 ἀγαπητὲ
485 587 525 614 v.
574 572 672 614 149.
732 570 830 613 Non
874 586 1043 625 possum
1086 572 1226 612 facere
1259 571 1362 625 quin
1391 572 1567 625 probem
1599 586 1668 613 ar-

260 651 462 704 gumenta
492 646 749 699 Morsbachi‚
796 647 867 702 qui
916 661 987 702 pp.
1029 648 1082 689 27
1116 662 1232 702 seqq.
1266 647 1316 689 de
1349 661 1376 687 α
1407 646 1472 689 his
1504 662 1669 702 quoque

260 724 361 767 locis
392 723 654 765 restituendo
687 723 886 778 disputat.

402 801 596 854 Denique
627 800 710 841 huc
741 801 880 841 refero
912 798 1110 840 ἐπόνασαν
1131 816 1170 842 v.
1195 802 1264 852 80,
1289 797 1488 856 ἐφίλασας
1508 816 1546 842 v.
1573 801 1670 852 100,

263 874 405 934 φίλαμ’
437 892 476 919 v.
512 877 609 929 130,
643 871 875 933 τριφίλατος
905 891 944 918 v.
979 876 1047 919 86.

403 953 513 996 Satis
536 955 699 995 constat
719 953 921 996 nonnulla
941 954 1072 996 verba
1094 953 1405 995 denominativa
1426 968 1520 1009 quae
1543 953 1670 996 attice

261 1046 338 1086 per
385 1045 438 1071 εω
484 1033 640 1072 exeunt
685 1030 730 1072 in
777 1030 920 1072 doride
966 1031 1009 1072 in
1057 1044 1116 1070 αω
1148 1031 1334 1081 desiisse,
1367 1030 1409 1072 id
1441 1031 1552 1085 quod
1579 1031 1670 1086 jam

262 1107 430 1150 Ahrens
462 1107 610 1161 (Diall.
644 1105 701 1150 II.
736 1107 816 1149 147
850 1110 957 1163 seq.)
990 1107 1142 1150 docuit.
1204 1105 1350 1149 Nimia
1381 1122 1481 1150 vero
1512 1107 1670 1149 severi-

262 1291 302 1328 Si
334 1291 511 1328 librorum
538 1295 634 1337 νᾶμα
659 1290 850 1332 retinetur,
876 1290 1112 1337 aptissimum
1138 1291 1293 1327 fortasse
1319 1293 1375 1327 est
1400 1290 1593 1327 Fritzschii
1618 1291 1672 1327 in-

262 1351 491 1396 terpretandi
527 1351 710 1386 rationem
747 1344 939 1396 amplecti‘
963 1350 1044 1393 (Ed.
1083 1351 1202 1386 altera
1227 1350 1360 1396 Lipsiae
1388 1351 1490 1386 1870.
1527 1351 1572 1387 ΙΙ.
1610 1363 1670 1396 pp.

262 1409 436 1453 42—43):
474 1412 570 1455 νᾶμα
596 1423 638 1437 =
665 1421 773 1454 aqua,
813 1409 1048 1451 malluvium;
1085 1411 1263 1455 punctum
1300 1411 1385 1455 post
1415 1408 1493 1449 θὲς,
1519 1409 1672 1445 interro-

263 1469 377 1514 gandi
402 1469 548 1514 signum
572 1471 657 1513 post
681 1466 869 1501 καθεύδειν
895 1468 1114 1514 ponendum.
1164 1469 1261 1503 Illud
1288 1472 1384 1514 νᾶμα
1402 1480 1424 1504 a
1442 1468 1509 1501 νέω
1527 1469 1673 1504 descen·

263 1528 347 1563 dere
382 1539 499 1572 posse,
535 1526 575 1561 id
611 1528 709 1572 quod
734 1527 817 1562 vult
841 1527 975 1563 Morsb.
1003 1527 1026 1562 l.
1054 1539 1095 1568 0.,
1121 1539 1268 1572 prorsus
1293 1539 1399 1573 nego.
1429 1531 1546 1572 ,νᾶμα
1571 1527 1673 1562 Flus-

263 1586 401 1632 sigkeit
433 1587 512 1622 Wz.
544 1587 631 1621 sna⁴⁶
661 1586 703 1622 G.
729 1587 854 1632 Meyer
878 1586 934 1622 48.
985 1586 1068 1622 Non
1094 1585 1167 1621 nisi
1192 1598 1214 1621 a.
1240 1585 1313 1619 νάω
1340 1586 1445 1629 (lesb.
1473 1584 1568 1619 ναύω
1593 1586 1671 1622 rad.

262 1645 345 1691 snu)
384 1646 601 1682 descendere
631 1648 756 1692 potest
787 1650 894 1692 νᾶμα.
945 1645 1007 1682 cfr
1031 1646 1073 1682 G.
1099 1646 1224 1691 Meyer
1250 1646 1327 1687 118,
1354 1646 1432 1688 246,
1460 1646 1673 1692 Brugmann

264 1706 363 1741 Curt.
397 1706 501 1741 Stud.
534 1706 595 1741 IV.
624 1706 702 1747 156,
731 1706 829 1741 Curt.
856 1706 1013 1741 Grundz.
1040 1706 1120 1746 319,
1145 1707 1184 1740 L.
1211 1706 1335 1750 Meyer
1360 1706 1445 1746 623:
1470 1717 1494 1740 a
1519 1704 1586 1738 νέω
1613 1706 1670 1741 vel

263 1763 383 1810 νήθω’
404 1764 495 1805 (rad.
520 1764 577 1808 ne)
605 1765 846 1800 derivandum
872 1767 929 1800 est
954 1768 1054 1811 νῆμα
1081 1779 1122 1792 =
1155 1765 1240 1807 „das
1265 1764 1514 1810 Gesponnene.
1541 1765 1667 1800 Hom.¹‘

263 1823 305 1859 G.
331 1824 455 1869 Meyer
479 1824 535 1859 40.
586 1824 690 1867 Quod
720 1824 870 1860 Kiihner
900 1824 1023 1859 Gram.
1049 1824 1076 1859 Ι.
1103 1824 1171 1860 873
1198 1823 1389 1860 contendit
1415 1822 1487 1856 νάω
1514 1823 1672 1860 varieta-

263 1884 338 1918 tem
363 1894 440 1917 esse
465 1882 569 1917 verbi
593 1883 691 1927 quod
716 1885 772 1918 est
797 1882 864 1915 νέω
890 1882 1005 1918 etiam
1029 1882 1069 1917 in
1093 1882 1206 1918 nendi
1231 1881 1453 1927 significatu,
1478 1894 1553 1917 non
1578 1881 1671 1917 satis

263 1940 410 1977 videtur
446 1941 657 1986 argumenti
696 1941 869 1987 praebere‘,
908 1953 972 1976 cur
1009 1945 1104 1986 νᾶμα
1141 1941 1254 1982 filum,
1294 1943 1438 1977 stamen
1463 1940 1671 1986 significare

262 2012 368 2045 posse
394 2000 602 2036 concedam.
653 2001 771 2043 Quare
796 2000 981 2036 Meinekio
1007 2000 1052 2036 de
1076 2001 1146 2036 hoc
1170 2000 1251 2035 loco
1277 1999 1486 2045 disputanti
1512 1999 1561 2045 (p.
1587 2000 1670 2044 301)

264 2057 412 2094 omnino
438 2058 628 2101 assentior,
654 2062 898 2105 praeterquam
926 2059 1024 2104 quod
1049 2070 1175 2095 vocem
1201 2062 1297 2103 νᾶμα
1323 2059 1367 2094 de
1384 2070 1483 2103 aqua
1499 2058 1671 2104 intellegi

262 2130 368 2164 posse
391 2121 516 2164 negat.
566 2119 619 2154 De
644 2119 830 2155 Kaercheri
855 2119 1065 2155 coniectura
1091 2122 1190 2164 νῆμα
1215 2121 1363 2164 recepta
1388 2119 1435 2154 ab
1460 2119 1671 2154 Hermanno

264 2179 302 2213 et
326 2176 468 2212 Hillero
495 2177 549 2212 cfr
573 2178 642 2216 Fr.,
668 2177 790 2219 Mein,
817 2177 947 2213 Hiller.
995 2178 1048 2212 Id.
1074 2177 1203 2212 XXIV.
1231 2178 1274 2212 75
1292 2188 1389 2212 nunc
1405 2176 1572 2223 plerique
1589 2177 1670 2212 edd.

264 2239 364 2282 νῆμα
402 2236 542 2281 legunt,
580 2249 805 2282 quamquam
831 2237 933 2273 codd.
961 2241 1056 2282 νᾶμα
1082 2238 1243 2272 tuentur.
1293 2235 1402 2272 Mein.
1435 2236 1459 2271 l.
1486 2248 1534 2272 c.:
1576 2236 1672 2278 „Nec

264 2295 443 2339 obloquor
487 2295 543 2330 ita
580 2295 850 2341 corrigentibus
888 2295 1030 2342 (νῆμα),
1068 2306 1291 2340 quamquam
1325 2297 1480 2340 praestat
1517 2295 1672 2330 fortasse

265 2352 364 2399 βᾶμα
390 2353 582 2400 corrigere.
607 2376 654 2381 -—
679 2352 791 2402 Βῆμα
816 2355 912 2391 idem
940 2357 997 2391 est
1021 2355 1118 2400 quod
1145 2353 1282 2400 βάθρον
1301 2356 1339 2390 et
1356 2354 1401 2389 de
1418 2354 1580 2390 scabello
1598 2353 1673 2390 dici

263 2412 426 2459 potuisse
451 2425 525 2450 non
549 2414 704 2450 dubium
729 2414 917 2451 videtur&
958 2413 1083 2450 Etiam
1109 2414 1250 2450 Abrens
1276 2416 1314 2450 et
1340 2414 1456 2460 Oppel
1481 2412 1673 2458 (Quaestio-

263 2485 328 2509 nes
353 2473 397 2509 de
423 2473 511 2508 dial.
537 2474 754 2511 Theocritea
778 2474 913 2520 Lipsiae
940 2474 1031 2509 1874
1055 2487 1090 2520 p.
1120 2473 1177 2516 11)
1204 2474 1335 2519 legunt
1360 2473 1471 2519 βᾶμα.
1499 2477 1595 2518 νᾶμα
1620 2485 1673 2509 re-

264 2531 379 2568 tineri·
399 2543 505 2577 posse
530 2534 723 2569 contendo.

410 2590 436 2634 ¹)
462 2592 568 2627 Hanc
592 2592 782 2638 egregiam
806 2592 1009 2628 Hermanni
1035 2592 1282 2628 coniecturam
1309 2604 1434 2628 omnes
1458 2594 1673 2637 receperunt

265 2649 345 2687 edd.
371 2649 474 2686 Libri
498 2651 604 2687 varia
628 2652 779 2689 habent.
