2056 3176
961 224 1219 269 *100—

524 346 748 399 κακοεργός
789 347 860 396 (=
903 346 979 386 att.
1010 336 1254 399 κακοῦργος)
1281 360 1325 388 v.
1358 345 1429 388 47.
1491 344 1653 387 Eadem
1686 343 1796 387 vocis

383 421 521 464 forma
551 420 679 465 Hom.
711 420 790 464 Od.
821 418 987 463 XVIII.
1016 421 1076 467 ,54
1106 420 1281 477 legitur.

525 498 754 541 Dorienses
786 511 844 539 -οι
877 500 920 540 et
950 511 1014 538 -αι
1046 498 1176 540 etiam
1206 498 1250 540 in
1282 501 1497 554 postrema
1527 498 1692 555 syllaba
1718 513 1795 553 pro

382 575 523 633 longis
555 575 752 618 habuisse
785 573 979 626 (ὲσσείται
1018 574 1117 629 etc.)
1150 575 1294 617 docuit
1323 574 1431 619 Ahr.
1462 576 1490 618 1.
1514 573 1559 618 ὀ.
1593 576 1663 627 27,
1696 576 1795 618 300.

385 651 459 694 Cfr
489 667 618 707 supra
647 667 690 707 p.
722 652 793 694 43.
1208 643 1211 644 ⁷

525 728 684 771 Dorica
714 728 1014 770 consuetudine
1046 725 1265 783 ἀεξομενᾶν
1296 744 1336 771 v.
1371 729 1451 770 121
1486 728 1691 784 scriptum
1722 742 1796 770 ex-

386 807 473 847 stat
503 820 580 860 pro
613 805 743 847 attico
773 800 1011 859 αὐξομένων.
1066 803 1140 846 Cfr
1171 803 1277 846 Ahr.
1310 805 1338 846 1.
1371 819 1407 846 c.
1441 805 1510 847 31.

526 881 626 924 Jam
658 881 878 923 Hermann
916 881 1004 933 „De
1037 881 1299 923 emendanda
1321 881 1485 923 ratione
1506 880 1795 936 grammaticae

385 959 561 1014 graecae“
600 957 749 1012 (1801)
782 971 823 1012 p.
858 957 941 999 102
970 957 1288 1012 praepositiones
1311 957 1540 1013 disyllabus
1568 956 1797 1010 „dictiones

383 1034 626 1090 procliticas
672 1035 834 1076 duabus
879 1033 1053 1089 syllabis
1100 1035 1365 1076 constantes“
1419 1033 1649 1089 appellavit
1680 1033 1798 1076 etin

390 1112 515 1164 „Eun
563 1111 714 1154 Medea
756 1126 840 1154 rec.
887 1111 1090 1166 Elmsley.
1123 1110 1269 1153 Herm.
1303 1111 1534 1153 adnotatt.“
1571 1110 1723 1165 (1822)
1754 1126 1795 1166 p.

385 1190 469 1232 393
517 1189 570 1231 ad
616 1202 783 1231 versum
833 1188 967 1230 1143:
1022 1187 1367 1243 „praepositiones
1410 1202 1486 1243 per
1516 1202 1560 1230 se
1591 1202 1675 1231 non
1706 1202 1796 1230 esse

384 1269 602 1320 oxytonas‚
649 1266 840 1320 ideoque,
887 1265 960 1307 ubi
1008 1267 1081 1306 aut
1111 1267 1205 1319 post
1235 1280 1403 1317 nomen,
1436 1266 1489 1306 ad
1521 1266 1632 1320 quod
1663 1265 1796 1320 perti-

384 1344 487 1384 nent
532 1341 852 1397 (Anastrophe)‚
901 1344 974 1383 aut
1020 1343 1116 1383 ante
1163 1356 1315 1383 nomen
1361 1341 1546 1396 quidem,
1596 1342 1669 1383 sed
1702 1356 1795 1384 cum

384 1418 592 1474 singulari
622 1419 804 1473 quadam
835 1418 890 1469 vi,
923 1421 996 1459 aut
1026 1432 1104 1473 pro
1136 1418 1362 1470 adverbiis,
1395 1419 1480 1470 aut,
1513 1418 1623 1472 quod
1649 1418 1794 1459 eodem

387 1495 511 1548 redit,
557 1495 601 1537 in
649 1495 773 1537 tmesi
818 1497 1042 1550 ponantur,
1089 1494 1275 1537 retinere
1307 1494 1543 1537 naturalem
1576 1497 1795 1537 accentum

385 1587 522 1625 suum,
553 1572 626 1627 qui
658 1572 952 1628 indisyllabis
984 1574 1049 1614 est
1079 1571 1120 1613 in
1154 1572 1433 1627 penultima“.
1493 1572 1684 1614 Eandem
1706 1572 1796 1614 fere

385 1650 639 1692 sententiam
661 1649 838 1704 protulit
860 1649 1092 1691 Buttmann
1120 1649 1364 1702 „AusfiihrL
1388 1648 1555 1692 Griech.
1573 1648 1789 1705 Sprachl.“

385 1725 441 1769 II.
476 1728 516 1769 2.
550 1727 650 1769 376.
711 1725 896 1769 Uberius
944 1726 993 1768 de
1031 1726 1112 1768 hac
1143 1741 1189 1768 re
1222 1726 1453 1782 disputavit
1484 1726 1648 1781 Benfey
1687 1726 1796 1778 „Ve-

386 1804 480 1845 dica
511 1803 596 1845 und
628 1803 918 1858 Linguistica“
956 1817 1026 1858 pp.
1063 1803 1142 1845 101
1178 1818 1270 1859 sqq.
1333 1802 1407 1845 Cfr
1435 1802 1604 1845 Curtius
1625 1803 1796 1845 Miscel-

384 1880 468 1929 len,
517 1879 743 1934 Leipziger
788 1878 962 1921 Studien
995 1878 1072 1921 III.
1106 1880 1353 1930 321—326‚
1386 1878 1562 1935 Brugm.
1594 1879 1621 1921 l.
1656 1894 1690 1921 c.
1725 1881 1794 1922 50.

365 1958 489 1997 ’mlta
522 1972 560 1998 v.
596 1956 693 1998 126.

1007 2121 1163 2164 XXVI.

580 2228 650 2272 De
682 2227 974 2285 paragogica
1005 2241 1109 2284 quae
1140 2227 1346 2272 vocatur
1375 2226 1523 2272 litera
1553 2242 1586 2270 ν.

526 2341 698 2384 Renner
743 2339 861 2384 Stud.
909 2339 971 2383 I:a
1020 2341 1250 2384 157-—158
1299 2342 1342 2383 et
1388 2340 1548 2383 Erman
1588 2340 1709 2385 Stud.
1740 2340 1795 2385 V.

385 2419 619 2462 278—280
650 2418 695 2460 in
725 2417 861 2460 titulis
891 2417 1040 2460 ionicis
1077 2417 1308 2473 saepissime
1340 2420 1589 2473 usurpatum
1621 2432 1711 2461 esse
1742 2417 1796 2460 li-

383 2500 518 2538 teram
566 2509 585 2536 ν
633 2495 935 2551 paragogicam
968 2519 1020 2524 -—-
1054 2496 1190 2537 rarius
1228 2497 1372 2537 tamen
1410 2495 1455 2536 in
1493 2495 1796 2537 recentioribus

384 2573 521 2614 titulis
569 2596 623 2613 —.-
658 2573 712 2613 'et
758 2574 855 2613 ante
894 2571 1060 2617 vocales
1092 2575 1135 2613 et
1166 2574 1263 2614 ante
1296 2586 1497 2614 consonas
1527 2586 1664 2627 neque
1695 2559 1796 2614 vero

385 2649 512 2691 certis
558 2647 778 2690 astrictum
826 2662 915 2689 esse
956 2647 1123 2704 legibus
1154 2648 1280 2704 hujus
1311 2647 1446 2690 literae
1478 2663 1600 2690 usum
1631 2648 1794 2690 docent.
