2056 3176
838 239 889 245 ..-
926 215 1008 258 103
1043 239 1096 244 ,-

401 332 500 376 Jam
531 332 704 388 Kriiger
734 331 787 375 A.
821 332 844 386 ἓ
881 333 946 374 11.
983 332 1049 374 14.
1081 331 1209 375 Anm.
1245 333 1265 374 1
1300 345 1319 372 ν
1341 332 1496 387 ubique
1519 331 1669 387 primi-

257 408 428 465 genium
461 423 551 450 esse
583 409 818 451 contendit>
871 407 1052 450 Kiihner
1081 422 1181 450 vero
1202 406 1236 449 Ι.
1260 408 1493 450 227-230
1515 409 1566 449 de
1588 407 1668 449 hac

256 484 382 527 litera
412 498 544 541 agens
575 483 656 526 nisi
688 484 732 526 in
764 484 974 527 adverbiis
1005 484 1049 526 in
1081 484 1155 524 θεν
1187 484 1476 526 desinentibus
1498 498 1590 525 eam
1615 484 1668 526 ad

256 561 371 603 vocis
401 561 577 615 stirpem
609 562 663 603 ab
693 561 815 602 initio
843 561 1097 615 pertinuisse
1129 563 1272 616 negat.
1335 560 1495 609 Quibus
1526 562 1570 601 in
1593 561 1668 602 ad-

258 637 415 680 verbiis
455 651 474 678 ν
510 637 759 692 primarium
804 652 907 688 esse,
949 652 1030 680 non
1072 638 1377 693 paragogicum
1418 652 1667 692 persuasum

260 714 421 756 habent
466 714 594 756 etiam
641 714 857 756 Deventer
902 716 945 755 et
974 714 1171 756 Maassen
1203 714 1248 766 (l.
1282 728 1317 756 c.
1351 714 1438 763 35).
1500 712 1663 755 Ibidem

256 791 430 833 44—45
463 791 616 842 Christ,
649 790 698 833 L.
730 790 889 845 Meyer,
921 790 969 832 F.
1001 790 1195 841 Mueller,
1227 790 1443 832 Deve-nter
1473 804 1492 830 ν
1523 790 1661 832 tertiae

255 881 444 921 personae
492 866 601 921 sing.
649 866 960 921 praeteritorum
1006 866 1050 907 in
1098 880 1116 905 ε
1162 866 1370 907 desinenti
1411 866 1582 907 affixum
1619 866 1663 906 in

254 943 394 985 Iocum
441 943 596 986 veteris
635 957 667 988 τ,
700 958 778 998 per
808 943 918 998 quod
949 942 1026 984 has
1058 943 1213 985 formas
1244 942 1344 996 olim
1376 942 1528 984 exiisse
1560 942 1664 984 satis

256 1022 431 1071 constat,
463 1019 712 1061 successisse
744 1021 893 1073 putare
926 1019 1142 1069 dicuntur3
1175 1033 1268 1073 quae
1292 1021 1434 1060 tamen
1454 1019 1666 1060 sententia

255 1095 327 1137 vix
358 1096 463 1137 mihi
493 1096 713 1150 probatur.
775 1095 946 1137 Curtius
976 1094 1158 1137 Grundz.
1193 1096 1365 1136 54-—55
1398 1095 1443 1135 in
1475 1095 1570 1136 aliis
1592 1110 1667 1136 vo-

257 1171 376 1214 cibus
406 1171 668 1226 primarium,
700 1171 742 1212 in
776 1171 871 1213 aliis
892 1171 1152 1213 extrinsecus
1173 1171 1352 1226 petitum
1376 1186 1466 1213 esse
1488 1185 1507 1211 ν
1530 1171 1664 1214 docet.

255 1247 473 1289 Interdum
519 1248 621 1289 illud
670 1261 689 1287 ν
735 1247 876 1299 finale,
909 1248 963 1289 ab
994 1247 1117 1289 initio
1149 1263 1174 1288 a
1205 1248 1336 1302 stirpe
1369 1247 1566 1298 alienum,
1599 1262 1666 1289 so-

253 1325 339 1367 lide
372 1340 467 1366 cum
498 1325 629 1379 stirpe
661 1325 922 1366 concrevisse
954 1324 1088 1378 (velut
1119 1325 1162 1366 in
1193 1339 1291 1379 gen.
1333 1339 1450 1379 cypr.
1483 1322 1664 1377 ἁργὺρων

256 1420 310 1435 =
344 1398 536 1455 ἀργύρου)
576 1403 731 1453 monet,
772 1400 952 1456 denique
991 1400 1178 1455 ejusdem
1211 1400 1380 1456 generis
1413 1415 1502 1442 esse
1534 1400 1613 1442 hoc
1645 1414 1664 1440 ν

255 1478 381 1519 finale
428 1479 554 1532 atque
600 1477 786 1518 nasalem
823 1477 941 1518 illam
971 1477 1015 1518 in
1049 1477 1206 1518 medias
1237 1492 1358 1519 voces
1389 1477 1524 1530 (velut
1554 1475 1664 1528 Λυγ-

255 1553 350 1598 κεὺς
383 1568 404 1594 6
437 1553 525 1594 rad.
559 1552 636 1592 λυκ
666 1553 799 1604 verbi,
831 1553 942 1607 quod
974 1554 1038 1593 est
1069 1552 1243 1605 λε’ὀσσω)
1276 1555 1318 1593 et
1348 1553 1393 1593 in
1423 1553 1558 1606 ipsam
1590 1568 1664 1594 vo·

254 1629 314 1670 cis
344 1629 531 1671 radicem
562 1628 696 1683 (velut
726 1628 918 1680 θιγγάνω,
951 1628 1159 1683 λαμβάνω,
1192 1628 1396 1675 λανθάνω,
1430 1628 1480 1670 (16
1510 1629 1664 1683 quibus

253 1706 318 1748 cfr
347 1705 478 1748 Verb.
511 1704 548 1748 I.·
580 1705 830 1759 252ss254)
862 1705 1040 1747 ascitam
1071 1706 1204 1747 docet.
1267 1705 1316 1748 G.
1357 1705 1529 1760 Meyero
1561 1707 1663 1755 (296

254 1783 416 1838 —299)
448 1798 694 1844 persuasum
726 1797 817 1824 esse
849 1782 1015 1843 videtur
1046 1782 1162 1824 velut
1194 1796 1212 1822 ν
1244 1782 1288 1824 in
1317 1782 1468 1824 mediis
1489 1782 1663 1825 vocibus

254 1847 350 1902 ante
383 1875 583 1902 consonas
614 1860 798 1915 positum
829 1859 890 1901 ita
920 1873 939 1899 ν
970 1859 1096 1901 finale
1128 1859 1172 1900 in
1202 1859 1396 1914 populari
1417 1859 1664 1914 pronuntia-

252 1936 366 1978 tione
412 1939 500 1978 tam
547 1936 701 1978 exilem
741 1935 940 1978 habuisse
973 1951 1135 1987 sonum,
1167 1940 1214 1977 ut
1244 1937 1288 1976 in
1319 1936 1485 1991 vulgari
1517 1950 1664 1977 recen-

252 2012 371 2055 tioris
403 2013 541 2055 aetatis
572 2012 720 2068 lingua.
751 2027 863 2067 saepe
894 2026 1064 2067 prorsus
1095 2013 1378 2064 evanesceret,
1400 2026 1483 2067 quo
1503 2012 1664 2054 factum

253 2104 344 2130 esse
376 2089 604 2139 contendit,
637 2074 684 2130 ut
715 2090 863 2130 eodem
893 2092 1082 2142 tempore
1121 2089 1278 2129 eaedem
1310 2089 1458 2143 figurae
1490 2089 1612 2130 modo
1644 2102 1664 2128 ν

253 2164 371 2207 finali
417 2165 635 2207 instructae
683 2165 804 2207 modo
849 2164 930 2206 hac
976 2164 1102 2206 litera
1133 2166 1325 2206 carentes
1357 2167 1662 2219 usurparentur

251 2244 343 2284 tum
388 2237 487 2284 vero
534 2257 585 2283 ex
631 2256 763 2296 prava
800 2241 952 2283 harum
982 2241 1214 2296 figurarum
1248 2240 1444 2297 analogia
1475 2243 1664 2283 oreretur

252 2319 523 2370 consuetudo,
569 2321 616 2360 ut
653 2318 842 2360 nasalem
872 2317 924 2359 iis
955 2332 1120 2372 quoque
1153 2317 1324 2359 vocibus
1356 2318 1485 2373 vulgo
1516 2318 1663 2373 affige-

252 2397 359 2447 rent,
391 2395 544 2450 quibus
576 2395 629 2437 ab
660 2394 782 2437 initio
814 2394 953 2436 aliena
983 2394 1133 2436 fuisset
1163 2393 1254 2436 haec
1276 2393 1414 2436 litera.
1477 2393 1662 2436 Auctore

251 2470 425 2527 Meyero
470 2484 489 2511 ν
535 2470 838 2527 paragogicum
873 2469 1093 2513 attrahunt
1123 2470 1274 2528 formae*
1301 2470 1492 2512 verbales
1523 2471 1662 2513 tertiae

252 2562 441 2602 personae
473 2548 583 2604 sing.
615 2550 659 2590 et
689 2547 798 2602 plur.
829 2561 907 2602 per
938 2560 977 2587 σι
1009 2549 1209 2608 exeuntes
1239 2547 1556 2602 (primigeniam
1575 2549 1663 2588 ter-

252 2624 528 2667 minationem
573 2638 631 2665 ντι
677 2639 702 2666 a
744 2623 1022 2667 Doriensibus
1053 2625 1264 2666 servatam
1295 2637 1314 2664 ν
1345 2638 1544 2679 respuere
1572 2625 1659 2680 jam

498 3149 964 3176 unwanum-md>
962 3156 1120 3176 nund'va,
1214 3165 1226 3176 ‚i
1246 3164 1274 3176 .,
1320 3164 1356 3176 m„
1436 3168 1454 3176 ἃ
1471 3174 1473 3176 ¹
1488 3172 1493 3176 ¹
1505 3163 1579 3176 -.·*.‚.s
1593 3172 1604 3176 „
1618 3166 1636 3176 ,m
1648 3166 1680 3176 Η
1700 3173 1708 3176 -
1724 3173 1734 3176 -
1767 3160 1796 3176 η,
1835 3160 1857 3176 2:
1883 3149 1918 3167 *a
1941 3151 1943 3153 ·
1962 3144 1966 3151 ⁹
