2056 3176
832 196 1062 242 -93.—

243 317 372 364 bendi
416 315 539 359 ratio.
600 309 746 368 καίπερ
791 328 875 356 uno
920 314 1050 357 verbo
1091 313 1294 369 scriptum
1325 312 1455 355 semel
1484 313 1650 355 tantum

244 395 355 451 apud
387 393 621 438 Homerum
653 389 747 442 (Od.
779 388 879 433 VII.
912 391 1017 445 224)
1047 390 1273 433 invenitur.

865 549 1026 592 XXIII.

768 643 836 688 De
868 642 1127 688 adverbiis,

821 754 872 797 In
902 757 974 798 id..
990 756 1086 799 XV.

386 851 443 902 A.
476 835 642 894 sValde
688 850 870 903 difficilis
916 852 980 893 est
1010 850 1187 906 quaestio
1218 850 1269 893 de
1311 850 1432 893 advv.
1464 850 1578 893 modi
1608 853 1652 892 et

245 929 328 972 loci
360 928 500 971 dorice
531 928 575 969 in
607 933 665 967 -εῖ
695 926 762 970 vel
793 933 843 967 -ᾶ
874 926 935 982 (ᾷ)
967 927 1150 969 ion.-att.
1183 940 1229 983 -η
1262 926 1324 982 (ῃ)
1347 927 1650 969 desinentibus,

245 1005 351 1048 Ahr.
383 1005 412 1047 l.
445 1020 481 1046 c.
515 1005 598 1047 135
632 1004 832 1046 adverbia
871 1004 998 1059 vulgo
1028 1004 1073 1045 in
1102 1018 1128 1058 η
1161 1004 1249 1045 dor.
1282 1004 1326 1045 in
1359 1017 1385 1043 α
1416 1004 1653 1046 desinentia

247 1081 368 1124 modo
399 1081 529 1123 locum
562 1082 607 1122 in
638 1094 754 1136 quem
771 1079 1026 1136 significare
1057 1079 1181 1122 modo
1212 1081 1427 1134 rationem,
1458 1082 1542 1137 'qua
1572 1080 1651 1122 ali-

245 1159 348 1214 quid
390 1157 479 1212 fiat,
528 1157 644 1199 dicit.
706 1156 890 1199 Uberius
936 1157 986 1198 de
1032 1156 1099 1198 his
1131 1157 1252 1199 advv.
1286 1157 1315 1198 l.
1348 1171 1383 1198 c.
1417 1157 1646 1200 361-371

246 1235 447 1290 disputat.
508 1233 555 1277 P.
588 1234 700 1276 361:
746 1233 984 1286 „Adverbia
1015 1233 1148 1275 locum-
1179 1233 1249 1275 ubi
1278 1233 1508 1276 indicantia
1538 1234 1651 1289 apud

245 1311 473 1354 Dorienses
519 1312 564 1353 in
610 1325 645 1351 ει
691 1311 1007 1353 circumflexum
1049 1311 1163 1352 exire
1195 1311 1464 1366 grammatici
1495 1326 1650 1367 magno

247 1402 451 1431 consensu
496 1388 749 1431 affirmant“.
811 1387 859 1431 G.
906 1387 1054 1444 Meyer
1100 1389 1179 1431 341
1227 1402 1313 1443 seq.
1347 1388 1468 1431 docet
1498 1388 1650 1436 doricae

247 1465 417 1507 dialecti
463 1465 665 1507 adverbia
710 1465 793 1507 loci
838 1480 915 1519 per
954 1479 1011 1505 -εν,
1043 1465 1240 1506 exeuntia
1271 1465 1387 1506 velut
1416 1471 1493 1512 πεῖ,
1527 1461 1672 1513 αὐτά,>

250 1540 355 1583 τεῐδε
386 1544 485 1585 cett.
516 1541 716 1597 reliquias
748 1556 837 1584 esse
865 1541 1020 1584 veteris
1056 1556 1176 1584 casus
1211 1541 1385 1584 locativi
1406 1543 1449 1584 et
1469 1556 1541 1597 pp.
1563 1542 1649 1584 364

246 1633 333 1673 seq.
366 1618 566 1660 adverbia
597 1618 711 1660 modi
742 1620 785 1660 et
814 1618 899 1660 loci
929 1618 973 1659 in
1005 1618 1092 1660 dor.
1126 1631 1166 1665 α,
1198 1618 1381 1660 iou-att.
1409 1631 1435 1674 η
1457 1618 1650 1660 desinen-

246 1695 307 1736 tia
336 1695 454 1737 velut
484 1701 553 1743 πᾶ,
587 1693 696 1742 τάδε,
737 1700 878 1742 παντᾰ,
911 1700 1045 1742 ταυτᾶ,
1080 1690 1182 1734 αὒτᾶ
1214 1709 1290 1749 pro
1319 1697 1462 1737 vetere
1494 1695 1650 1736 instru-

245 1771 421 1813 ment-ali
468 1785 567 1813 casu
613 1771 810 1826 stirpium
856 1785 932 1826 per
978 1784 1005 1811 α
1052 1770 1294 1813 exeuntium
1334 1770 1529 1813 habenda
1559 1785 1650 1813 esse

200 1895 205 1899 ,
249 1847 332 1900 (cfr
377 1849 535 1902 supra).
603 1847 714 1899 „Das
757 1861 768 1887 ι
799 1850 1188 1901 προσγεγραμμένον,
1220 1847 1298 1888 mit
1330 1848 1425 1888 dem
1455 1848 1515 1888 sie
1545 1848 1651 1889 viel-

246 1922 358 1975 sach,
405 1939 526 1966 wenn
573 1923 681 1966 auch
727 1923 836 1966 ohne
884 1923 1166 1979 Consequenz,
1207 1923 1338 1966 selbst
1367 1922 1651 1966 inschriftlich

246 2000 494 2043 iiberliefert
524 2000 631 2053 sind,
662 2000 738 2043 hat
767 2000 894 2062 nicht
921 2000 1039 2043 mehr
1059 2000 1313 2056 Bedeutung
1335 2000 1397 2042 als
1418 2000 1650 2056 dasjenige,

246 2076 427 2119 welches
472 2092 572 2120 man
612 2078 693 2119 den
725 2077 1130 2120 Ablativadverbien
1160 2078 1237 2119 auf
1263 2092 1316 2117 -ω
1345 2076 1530 2119 vielfach
1561 2077 1651 2120 bei-

248 2151 402 2209 gefiigt
446 2152 535 2206 hat,
574 2154 661 2196 und
691 2153 847 2197 beruht
878 2154 956 2196 auf
981 2154 1099 2196 einer
1129 2153 1452 2196 irrthi’imlichen
1483 2152 1652 2195 Auffas-

247 2241 357 2284 sung
396 2229 534 2275 dieser
569 2226 904 2272 Instrumentale>
930 2230 992 2278 als
1021 2229 1244 2272 weibliche
1275 2229 1474 2272 Dative“.
1533 2228 1651 2271 Idem

247 2304 376 2347 sentit
420 2304 631 2349 Schrader
672 2306 786 2350 Ourt.
818 2306 937 2351 Stud.
970 2306 1023 2350 X.
1057 2308 1141 2350 290
1173 2321 1273 2362 seq„
1307 2306 1380 2362 qui
1409 2305 1492 2349 huc
1523 2306 1652 2349 etiam

248 2381 395 2423 retulit
440 2381 503 2438 δή,
544 2381 657 2440 ἥ-δη,
691 2381 842 2440 ἐπειδή,
876 2381 948 2440 μήῖ
1006 2383 1269 2439 Quamquam
1299 2383 1406 2426 Ahr.
1437 2384 1464 2425 l.
1498 2398 1533 2426 c,
1566 2384 1650 2426 364

254 2456 368 2508 „haec
413 2459 635 2501 severioris
682 2460 854 2503 Doridis
900 2461 1102 2504 adverbia
1146 2461 1302 2502 rectius
1347 2461 1434 2502 iota
1479 2461 1645 2502 carere“

247 2534 423 2586 monuit,
454 2536 597 2578 tamen
628 2537 673 2579 in
704 2537 927 2580 editionem
963 2552 974 2578 ι
1005 2538 1163 2580 subscr.
1188 2537 1369 2579 admisit.
1430 2536 1588 2579 Morsb.
1610 2539 1653 2578 et

246 2607 357 2680 Edd.
391 2623 402 2649 ι
433 2611 592 2655 subscr.
631 2615 909 2667 retinuerunt,
951 2614 1127 2671 Brugm.
1158 2614 1186 2656 l.
1219 2628 1255 2656 c.
1288 2614 1476 2665 59-60‚
1510 2613 1651 2654 112—

703 3151 994 3176 ·wmmxfflhfflssffix.
1022 3154 1138 3176 „1.-..=:.=.ss-
1166 3168 1169 3173 .
1191 3162 1309 3176 1*
1354 3154 1381 3176 ·-.
1403 3157 1425 3176 se
1445 3154 1477 3176 ,ἣτ’
1493 3155 1540 3176 „3³
1558 3155 1571 3166 ‘³¹
1604 3161 1631 3176 -Ἀ-
1684 3161 1699 3167 ⁷
1732 3156 1784 3176 ew
