2056 3176
849 214 1109 259 —135—

339 384 341 387 ¹
381 349 407 377 o
449 338 634 394 scafe-c
670 334 809 376 ortum
838 333 896 375 sit
924 318 1140 388 (cfr‘Gurt
1169 333 1199 376 1.
1231 347 1266 375 c.
1300 332 1400 386 378,
1432 332 1550 375 Knos
1579 331 1607 374 l.
1640 346 1678 374 c.

303 411 360 455 29
381 437 384 448 2
405 413 501 466 ΒΨ),
546 409 767 465 productio
817 423 829 450 ι
873 409 1030 452 vocalis
1069 410 1246 452 fortasse
1278 410 1459 452 debetur
1489 408 1678 451 consonis

273 491 348 546 of,
379 501 473 543 quae
504 486 605 529 olim
637 486 683 528 in
713 486 852 528 media
881 501 982 529 voce
1013 487 1163 541 positae
1196 489 1330 528 erant.

265 551 269 556 ⁵
413 562 538 618 ὄρνιςε
585 563 716 606 semel
761 578 915 620 anceps
960 564 1173 607 invenitur
1220 577 1250 604 t:
1297 561 1437 607 XVII.
1487 564 1541 606 73
1573 560 1680 617 ὄρνις

213 642 237 678 ³„
273 642 375 694 (arsi
404 640 498 692 VI.)
558 641 722 684 Formae
754 641 939 697 plurales
969 641 1125 697 ubique
1156 641 1331 697 longum
1364 655 1376 681 ι
1406 642 1565 683 tenent.

349 718 352 721 ’
413 720 502 772 πρίν
533 718 764 774 saepissime
795 719 966 761 brevem
987 720 1151 773 praebet
1171 719 1373 770 vocalem,
1394 719 1567 773 longam
1587 720 1675 760 ter:

144 783 146 785 ’
271 794 408 838 xxv.
441 796 525 837 222
557 794 687 848 (thesi
717 793 770 849 1),
804 796 889 837 258
920 794 1050 847 (thesi
1080 794 1152 849 V),
1185 796 1270 838 263
1302 795 1403 845 (arsi
1432 793 1505 846 11).
1531 819 1583 824 -
1614 794 1679 836 De

270 872 448 926 ancipiti
478 871 640 914 voculae
671 885 868 913 mensura
898 872 1010 926 apud
1042 871 1271 915 Homerum
1303 872 1399 913 vide
1431 871 1548 913 Knos
1578 871 1607 912 l.
1640 885 1676 912 c.

273 949 343 1000 25,
391 949 441 990 de
489 950 629 1003 etymo
667 948 785 990 Knes
814 948 843 990 1.
876 962 913 991 c.
946 949 1044 1000 346,
1078 947 1193 990 Curt.
1227 947 1408 990 Grundz.
1444 948 1542 990 284.
1605 947 1679 990 Cfr

272 1025 401 1067 etiam
433 1024 547 1067 Curt.
579 1023 696 1067 Stud.
729 1023 805 1067 IV.
837 1025 937 1077 477,
969 1024 1112 1067 Rzach
1143 1025 1171 1067 1.
1204 1039 1240 1068 c.
1273 1026 1329 1066 54
1361 1039 1423 1080 sq.

964 1163 986 1188 ὓ

414 1254 529 1308 δρῦς;
576 1269 720 1297 omnes
760 1269 855 1310 quae
887 1255 999 1309 apud
1028 1254 1299 1297 Theocritum
1332 1257 1498 1296 exstant
1529 1255 1674 1297 formae

271 1331 397 1387 hujus
428 1332 542 1374 vocis
573 1332 699 1374 breve
730 1333 879 1373 tenent
908 1345 944 1379 0,
976 1346 1058 1386 quo
1089 1331 1218 1373 etiam
1248 1332 1427 1386 praedita
1447 1333 1546 1373 sunt
1568 1330 1677 1385 δρῦι-

271 1420 339 1453 νος
369 1409 412 1450 et
443 1404 639 1463 δρυτόμος
667 1407 884 1450 vocabula.
945 1407 1140 1463 Longum
1170 1422 1270 1450 vero
1303 1421 1324 1447 0
1355 1408 1400 1448 in
1432 1406 1581 1462 δρῦμός
1611 1407 1677 1449 in-

271 1483 451 1526 venitur.
513 1483 587 1526 Cfr
617 1483 730 1526 Curt.
764 1483 945 1526 Grundz.
978 1484 1062 1525 238
1094 1498 1155 1538 sq.

413 1560 616 1615 θυγάτηρε
649 1560 780 1601 semel
809 1561 975 1601 tantum
1004 1560 1250 1614 productam
1282 1560 1445 1613 praebet
1465 1560 1672 1614 syllabam

270 1636 473 1692 primam:
520 1634 638 1679 XVI.
689 1637 771 1678 102
804 1636 1026 1690 θυγατέρες
1056 1634 1185 1688 (thesi
1215 1634 1271 1686 I);
1305 1637 1491 1678 ceterum
1521 1636 1677 1691 ubique

273 1714 398 1756 breve
429 1727 451 1753 υ
482 1715 687 1756 servatur.
749 1712 860 1754 Satis
899 1715 1062 1755 constat
1093 1712 1323 1754 Homerum
1354 1712 1482 1768 hujus
1511 1713 1625 1755 vocis
1656 1726 1679 1752 o

270 1790 315 1831 in
345 1790 539 1832 omnibus
570 1790 715 1832 formis
737 1792 936 1845 quattuor
956 1789 1024 1832 vel
1045 1790 1229 1844 quinque
1251 1789 1437 1844 syllabas
1460 1790 1677 1831 continen-

270 1866 383 1910 tibus
413 1866 537 1908 metri
570 1881 697 1908 causa
728 1866 972 1922 producere.
1604 1916 1607 1918 ‚

411 1943 500 1983 θ’ὑω
547 1944 659 1997 apud
695 1943 966 1985 Theocritum
1006 1944 1088 1984 nisi
1117 1944 1162 1984 in
1193 1943 1435 1998 significatu
1466 1942 1677 1996 suffiendi,

270 2018 538 2073 sacrificandi
577 2021 825 2074 usurpatum
855 2034 938 2066 non
975 2021 1052 2061 est.
1098 2018 1192 2061 Hae·
1209 2018 1480 2060 inveniuntur
1506 2019 1676 2061 formae:

270 2086 417 2136 θῧωντι
459 2093 536 2138 IV.
568 2097 637 2148 21,
669 2095 784 2135 θΰσῶ
815 2093 872 2136 ΙΙ.
905 2096 975 2143 33,
1008 2093 1141 2136 ’έθῦσα
1171 2094 1225 2138 V.
1259 2095 1328 2146 81,
1362 2093 1487 2135 ἔθΰσε
1517 2094 1570 2137 V.
1608 2097 1675 2147 11,

204 2202 208 2206 .
252 2163 407 2218 θῖῖσας
436 2170 491 2214 V.
526 2172 623 2214 139.
685 2170 819 2214 Seiler
848 2171 877 2213 l.
909 2185 944 2213 c.
979 2171 1064 2214 304
1094 2174 1235 2213 monet
1265 2170 1343 2213 hoc
1370 2172 1544 2214 verbum
1568 2172 1680 2227 apud

204 2249 218 2261 Χ
271 2247 505 2291 Homerum
537 2248 665 2291 etiam
695 2235 739 2291 111
770 2248 919 2291 formis
939 2248 1162 2303 praesentis
1184 2250 1227 2290 et
1248 2248 1488 2303 imperfecti
1508 2248 1676 2304 longum

269 2314 311 2365 o
338 2326 498 2377 tenere,
538 2325 791 2380 ubicumque
821 2325 866 2366 in
897 2325 1206 2380 significatione
1236 2324 1410 2378 furendi
1440 2327 1678 2379 usurpetur,

252 2392 399 2457 ‹breie
440 2403 581 2443 autem
611 2414 633 2440 υ
674 2403 839 2443 exstare
877 2401 921 2442 in
951 2400 1037 2442 illis
1067 2401 1227 2452 formis,
1260 2415 1389 2455 quum
1419 2400 1579 2454 suffire,
1612 2415 1678 2442 sa-

270 2475 460 2530 crificare
503 2477 715 2533 significet
753 2477 930 2519 verbum
962 2475 1157 2531 (excepto
1188 2478 1332 2518 tamen
1361 2476 1439 2517 θῦε
1471 2474 1550 2519 Od.
1581 2476 1674 2518 XV.
1704 2517 1708 2521 ,

272 2551 390 2607 222).
453 2552 527 2596 cfr
558 2552 675 2613 Gurt.
705 2553 734 2596 l.
767 2568 802 2596 c.
836 2553 935 2597 259.
