2056 3176
0 1872 10 1894 ς

0 1900 10 1916 J

30 2610 34 2613 ,

5 2927 17 2939 ³«
33 2905 61 2951 p«

825 226 1118 269 —51-·

373 343 417 389 Si
464 360 558 389 cum
604 342 872 388 Moerachio
917 345 1140 388 statuimus
1186 345 1231 386 in
1270 344 1354 387 idd.
1387 344 1568 386 mimicis
1599 346 1642 386 et

193 428 216 479 J
234 423 435 466 bucolicis
469 447 521 454 --
554 423 707 478 quibus
751 422 820 464 hic
862 423 990 465 etiam
1029 423 1114 465 idd.
1146 420 1310 474 XVIII,
1342 421 1459 474 XXI,
1491 420 1641 464 XXIII

232 502 276 542 et
305 500 389 542 idd.
421 498 791 542 XXVIII-XXX
831 499 977 542 aeolica
1023 499 1203 541 dialecto
1235 499 1474 554 conscripba
1505 500 1639 541 adnu-

230 591 346 619 mero
380 601 433 606 —
465 589 497 616 ω
528 576 684 632 ubique
729 576 956 633 legendum
1003 590 1093 618 esse
1141 577 1270 618 etiam
1316 576 1368 618 iis
1413 576 1529 628 locis,
1566 577 1641 618 ubi

230 667 373 695 omnes
403 654 503 696 libri
534 667 580 694 ου
610 655 757 695 tenent
787 656 830 695 et
860 642 934 696 ubi
964 654 1076 695 inter
1106 667 1138 692 ω
1169 644 1213 695 et
1243 667 1289 693 ου
1320 653 1540 705 fluctuant,
1563 668 1639 708 ge-

229 730 352 772 niizivi
383 730 492 786 sing.
524 730 669 772 formae
701 730 746 772 in
776 744 808 770 ω
839 732 1041 772 exeuntes
1071 730 1182 785 apud
1204 729 1382 772 Theocr.
1402 730 1640 772 'undesexa-

230 799 322 862 gies
354 809 398 848 'et
429 807 587 848 centies
619 806 903 849 inveniuntur.
965 804 1015 848 In
1046 806 1176 861 epicis
1209 808 1351 848 autem
1382 806 1638 848 carminibus

229 883 375 926 formae
407 883 451 938 in
483 897 528 924 ου
560 885 761 926 exeuntes
792 889 942 939 quater
972 885 1015 926 et
1045 883 1248 940 nonagies
1270 883 1483 940 leguntur,
1507 883 1639 939 siqui-

231 960 325 1002 dem
372 961 413 1002 in
462 960 527 1002 his
573 961 658 1003 idd.
708 961 837 1003 etiam
867 961 918 1002 iis
949 961 1051 1003 locis
1083 974 1127 1001 ου
1159 961 1426 1003 scribendum
1458 963 1533 1012 esta,
1566 961 1639 1003 ubi

229 1036 390 1079 libri'm
422 1039 606 1079 tuentur.
667 1037 895 1079 Homerica
934 1037 1113 1092 genitivi
1153 1038 1291 1079 forma
1329 1038 1373 1079 in
1405 1051 1479 1084 οιο,
1511 1052 1638 1091 quam

206 1119 209 1122 ’
230 1113 359 1155 etiam
388 1114 432 1155 in
452 1114 568 1156 mim.
592 1116 634 1156 et
654 1114 790 1157 bucol.
813 1114 1067 1157 carminibus
1090 1115 1308 1169 usurpavit
1327 1116 1466 1169 poeta,
1488 1116 1639 1169 quater

234 1192 277 1232 et
307 1191 508 1246 nonagies
539 1190 659 1233 nobis
690 1191 884 1233 occurrit.

372 1265 422 1307 In
469 1267 569 1321 adjj,
611 1267 656 1308 in
701 1280 792 1312 -οος
823 1267 1073 1309 exeuntibus
1106 1280 1194 1307 -00-
1226 1267 1390 1309 vocales
1421 1282 1503 1308 non
1535 1282 1635 1308 con-

228 1342 474 1386 trahuntur:
523 1328 677 1398 ἇθροος
699 1343 730 1399 ¹)
776 1360 814 1386 v.
863 1344 932 1397 72,
970 1340 1149 1400 οἰνοχόον
1179 1360 1218 1386 v.
1255 1345 1337 1386 124
1370 1343 1452 1398 (cfr
1483 1341 1635 1398 ἀθρόαι

227 1436 267 1464 v.
302 1421 417 1475 132).

369 1499 565 1540 Fortasse
612 1499 739 1541 etiam
781 1499 823 1540 in
865 1496 1097 1545 Μελιτῶδες
1127 1515 1164 1541 v.
1200 1500 1254 1540 94
1287 1513 1318 1539 ω
1350 1499 1634 1541 contractione

229 1590 281 1616 ex
312 1589 357 1615 οο
388 1577 526 1616 ortum
570 1577 634 1616 esi:
665 1572 790 1629 (ὄζω).
853 1574 926 1617 Cfr
957 1571 1108 1630 εὐώδης
1137 1573 1254 1617 XIV.
1290 1576 1357 1626 16,
1391 1574 1530 1617 XVII.
1563 1577 1634 1624 37,

226 1650 364 1694 XXII.
397 1652 467 1694 42.
529 1651 656 1705 (Vide
690 1651 866 1693 Kiihner
897 1650 1063 1694 Griech.
1097 1651 1237 1693 Gram.
1271 1651 1304 1692 Ι.
1339 1653 1421 1693 170
1454 1653 1541 1694 not.
1575 1651 1634 1705 2).
1665 1653 1670 1659 ”

752 1762 754 1764 ·
768 1745 818 1787 In
849 1745 904 1788 id.
938 1744 1064 1787 XXII
1077 1761 1087 1788 ε

367 1853 412 1881 οο
443 1840 486 1882 in
518 1853 564 1880 ου
594 1839 856 1883 coalescunt:

366 1917 410 1958 in
441 1931 538 1973 gen.
570 1917 678 1972 sing.
712 1917 905 1971 stirpium
939 1932 1015 1971 per
1046 1931 1066 1957 0
1099 1917 1364 1959 exeunssium:

367 1993 482 2047 ξυροῦ
513 2009 552 2036 v.
587 1995 626 2044 6,
659 1989 826 2047 οὐρανοῦ
857 2009 924 2036 vv.
958 1995 998 2045 8,
1034 1995 1101 2045 14,
1134 1992 1304 2048 ἑκάστου
1336 2010 1374 2036 v.
1410 1996 1474 2045 11,
1505 1995 1633 2048 βυθοῦ

225 2086 291 2113 vv.
322 2070 394 2123 17,
427 2071 497 2123 40,
530 2071 684 2124 πρώτου
714 2086 753 2112 v.
787 2071 856 2120 25,
902 2067 1056 2111 Πόντου
1086 2086 1125 2113 v.
1159 2071 1228 2121 28,
1261 2076 1327 2111 τοῦ
1358 2086 1397 2113 v.
1431 2072 1500 2122 88,
1535 2072 1633 2123 196,

226 2146 405 2202 μεγάλου
435 2162 475 2189 v.
511 2148 606 2200 112,
639 2146 753 2187 τοῦδε
784 2162 823 2189 v.
858 2148 927 2199 62,
966 2148 1176 2201 προσώπου
1207 2163 1260 2189 v..
1283 2149 1379 2198 101,
1413 2144 1634 2202 ἁπτομένου

224 2239 265 2266 v.
299 2224 396 2274 114,
428 2226 549 2264 πόνου
579 2239 618 2265 v.
653 2224 751 2276 114,
784 2223 962 2264 θανάτου
989 2239 1027 2266 v.
1053 2224 1150 2275 130,
1174 2221 1451 2279 ἀποφῆιμὲνου
1471 2240 1511 2267 v.
1536 2224 1632 2276 141,

226 2297 337 2340 οἴκου
367 2315 407 2342 v.
442 2300 539 2351 177,
560 2286 758 2356 νἰηιφοιλοῐι
789 2314 828 2342 v.
863 2301 962 2342 202.

365 2358 449 2416 Ter
479 2377 644 2417 tantum
675 2376 859 2431 optimus
890 2376 1067 2430 quisque
1099 2377 1231 2418 codex
1262 2391 1294 2416 ω
1323 2379 1488 2419 tuetur:

370 2479 395 2524 ¹)
421 2481 533 2526 Ziegl.
558 2481 599 2516 in
623 2493 707 2527 app.
734 2480 837 2516 (πῆλε
872 2478 1002 2526 ,ὄχλος
1028 2479 1152 2527 ἄθρως
1177 2494 1224 2516 m.
1253 2481 1401 2526 (Hiller)
1428 2479 1458 2515 ὅ.
1486 2480 1632 2528 ἀθρόως

224 2551 257 2574 a.
282 2551 318 2585 p.
345 2536 374 2571 ὅ.
402 2537 524 2578 ἀθέως
550 2537 749 2585 (ὰθρὲωςῖ)
782 2539 818 2574 k.
845 2536 875 2572 ὅ.
902 2538 1037 2585 ἀθρόος
1062 2540 1157 2575 Med.
1184 2540 1266 2574 Ald.
1293 2540 1384 2575 Edd.
1435 2541 1488 2575 De
1513 2553 1532 2575 e
1557 2553 1633 2576 am-

222 2597 311 2643 bigo
337 2599 462 2633 utrum
486 2598 661 2634 librarius
695 2597 856 2634 voluerit
890 2596 1025 2644 ἀθρόος
1049 2610 1097 2634 an
1124 2597 1280 2645 ἀθρόως.
1329 2599 1480 2635 Servavi
1506 2600 1632 2645 vulga·

223 2658 314 2693 tam.
363 2657 516 2693 Poetam
542 2657 645 2693 aliud
670 2657 858 2703 scripsisse
882 2669 957 2693 non
981 2660 1038 2693 est
1062 2658 1250 2693 dubium“.

2029 535 2056 724 ..“’,Δξ-’ᾈᾸΛ-ζΗ-ιω
2037 507 2040 510 ’
2034 451 2036 453 ¹
2028 394 2040 406 t
2031 367 2034 373 ‚
2052 278 2056 329 -..
2054 180 2056 204 ..-
