2056 3176
789 208 1049 265 4-109-a

358 341 455 385 Huc
501 342 631 384 etiam
676 355 746 384 eos
776 341 916 383 refero
952 323 1081 392 locos,
1113 339 1187 382 ubi
1217 340 1388 383 brevem
1418 339 1626 395 syllabam

216 419 387 463 finalem
419 419 577 474 excipit
608 420 726 461 muta
756 433 851 461 cum
882 417 1075 474 sequenti
1106 417 1285 473 liquida:

359 502 555 551 στερεοῐσι
587 496 797 551 βραχίοσιν
827 511 868 538 v.
899 496 970 548 48,
1003 493 1093 535 αἴκε
1123 497 1313 551 κρατήσοι
1339 509 1378 536 v.
1403 495 1472 545 71,
1495 492 1626 551 ἀλλή-

217 574 324 615 λοισι
354 576 537 619 πνέοντες
567 588 605 615 v.
640 574 709 624 82,
741 573 860 627 χερσὶ
889 571 1125 626 προδεικνὺς
1154 587 1194 614 v.
1226 573 1322 622 102,
1346 569 1500 612 ἁεικὲσι
1520 572 1626 628 πλη-

218 655 308 702 γαῖς
337 665 377 692 v.
412 650 510 702 110,
544 651 735 706 συνέφυρε
767 644 974 702 πρόσωπον
1006 664 1045 691 v.
1081 649 1178 699 111,
1211 645 1435 705 σφετέροισι
1462 645 1626 705 τρέφον-

219 740 283 768 ται
313 741 352 769 v.
388 726 485 769 159.

830 890 1010 935 XXVII.

791 997 861 1043 De
891 996 1045 1042 hiatu.

361 1109 513 1153 Omnia
555 1110 696 1152 hiatus
735 1110 941 1165 exempla,
974 1124 1248 1165 quaecumque
1281 1111 1393 1166 apud
1424 1110 1626 1153 Theocri-

218 1191 309 1231 tum
354 1188 568 1243 leguntur,
617 1188 789 1244 collegit
819 1202 1057 1243 magnaque
1088 1203 1190 1231 cura
1220 1188 1422 1230 tractavit
1452 1188 1625 1231 Carolus

219 1265 359 1307 Kunst
398 1265 443 1306 in
482 1264 847 1316 commentatione,
885 1279 979 1319 quae
1011 1265 1256 1307 inscribitur
1292 1264 1381 1316 „De
1411 1263 1626 1307 Theocriti

220 1355 343 1383 versu
374 1339 585 1392 heroico“,
617 1340 662 1382 in
693 1339 1050 1382 Dissertationum
1072 1340 1460 1383 Vindobonensium
1487 1341 1568 1384 vol.
1591 1339 1626 1384 I.

223 1417 333 1459 1887
366 1418 539 1472 recepta
569 1416 658 1471 (pp.
691 1417 925 1467 97—122).

338 1477 421 1535 'Ut
452 1493 603 1535 ceteris
645 1493 856 1535 inferioris
888 1494 1026 1535 aetatis
1056 1493 1194 1547 poetis
1225 1494 1287 1535 ita
1317 1492 1541 1536 Theocrito
1571 1494 1625 1536 ab

219 1569 405 1612 Homero
451 1569 651 1611 traditam
697 1584 788 1611 esse
826 1569 1185 1622 consuetudinem,
1218 1572 1265 1612 ut
1295 1571 1393 1612 ante
1424 1569 1629 1613 vocabula

220 1662 246 1688 a
274 1646 401 1688 certis
447 1645 700 1701 quibusdam
745 1645 947 1700 stirpibus
978 1648 1071 1687 orta
1101 1645 1241 1701 longis
1271 1646 1446 1701 syllabis
1476 1661 1627 1689 vocum

221 1723 561 1765 antecedentium
592 1722 790 1764 finalibus
821 1725 953 1765 totam
985 1722 1194 1765 tribueret
1224 1737 1478 1775 mensuram,
1506 1723 1626 1766 inde-

219 1813 301 1853 que
333 1799 531 1840 effectum
562 1813 666 1850 esse,
698 1800 745 1840 ut
774 1798 819 1839 in
848 1799 1040 1840 versibus
1062 1799 1360 1853 componendis
1381 1813 1503 1841 voces
1524 1799 1626 1841 olim

220 1891 245 1918 a
277 1875 491 1932 digammo
523 1875 788 1931 incipientes,
821 1877 1044 1931 postquam
1070 1876 1161 1930 jam
1191 1875 1355 1931 pridem
1387 1863 1627 1918 evanuisset

220 1952 400 1994 initialis
430 1952 554 1994 litera
585 1952 764 2007 spirans,
797 1952 944 1994 eadem
975 1952 1138 1994 ratione
1169 1946 1254 2007 qua
1275 1951 1484 1995 Homerus
1505 1967 1626 1995 usur-

219 2031 355 2085 paret,
402 2031 543 2072 monet
573 2029 725 2079 Kunst,
758 2044 842 2084 qua
872 2044 918 2072 re
942 2031 1187 2072 commotus
1218 2044 1288 2072 eos
1318 2044 1483 2085 quoque
1513 2030 1626 2072 locos

219 2105 505 2157 Theocriteos,
552 2106 626 2148 ubi
671 2105 716 2147 in
760 2105 882 2147 hiatu
926 2105 1195 2148 inveniantur
1235 2106 1438 2148 vocabula
1469 2106 1570 2148 olim
1602 2122 1627 2148 a

221 2183 435 2239 digammo
464 2182 725 2237 incipientia,
756 2197 838 2224 non
870 2182 996 2224 aliter
1015 2181 1153 2237 ’atque
1184 2181 1325 2224 hiatus
1357 2176 1553 2238 exempla
1574 2198 1626 2225 ex

220 2259 314 2302 aliis
345 2259 593 2302 recentioris
620 2259 758 2302 aetatis
779 2259 916 2314 poetis
937 2259 1071 2314 petita
1091 2273 1227 2314 neque
1256 2259 1427 2311 „eadem
1448 2259 1626 2312 ratione,

219 2350 304 2391 qua
333 2336 378 2378 in
409 2335 584 2378 Homeri
615 2336 885 2385 carminibus,
919 2336 991 2378 ubi
1021 2335 1162 2377 hiatus
1193 2335 1406 2391 digammo
1436 2336 1621 2377 tollitur“

218 2413 462 2455 tractandos
493 2413 567 2455 sed
598 2413 749 2455 ceteris
779 2412 968 2455 hiatibus
1000 2412 1334 2455 adnumerandos
1367 2427 1457 2455 esse
1478 2414 1628 2456 statuit

220 2489 266 2544 (l.
299 2503 334 2532 c.
368 2488 574 2544 97—98).

363 2565 444 2608 Hic
482 2566 771 2608 tantummodo
817 2567 868 2608 de
913 2565 1114 2618 hiatibus,
1160 2566 1233 2620 qui
1264 2568 1361 2608 sunt
1396 2566 1441 2608 in
1472 2566 1628 2619 idylliis

219 2640 315 2695 xv,
346 2640 511 2695 xvm,
543 2641 681 2694 xvng
713 2641 855 2696 xxn,
884 2657 1023 2699 agam.
