2056 3176
879 297 934 303 ,-
967 273 1111 317 86.-

228 440 229 444 Ὶ
287 393 466 445 usitata;
499 393 641 436 enclit.
673 407 760 435 acc.
791 392 900 448 plur.
932 394 1070 435 neutr.
1103 390 1170 449 σφ’
1202 395 1276 444 (---
1309 391 1402 450 ops)
1432 376 1471 436 v}
1506 394 1576 438 80.
1623 394 1699 438 Se-

289 471 472 513 cundum
516 469 624 513 Ahr.
670 469 698 512 1.
738 483 773 512 c.
807 470 889 512 261
924 471 968 512 et
998 469 1047 512 G.
1080 469 1192 525 Mey.
1227 469 1312 513 388
1343 468 1594 525 Apollonius
1626 474 1702 529 σφὲ

289 547 580 600 Doriensibus,
613 546 888 603 Syracusanis
920 548 968 602 ψὲ
999 546 1072 597 (id.
1104 545 1180 589 IV.
1213 549 1240 591 3
1271 546 1316 589 in
1344 547 1541 590 omnibus
1561 548 1701 600 libris)

288 624 533 668 vindicavit.
594 624 805 667 Homerus
836 626 987 680 quater
1017 621 1212 666 adhibuit
1243 625 1331 681 σφέ.

431 701 532 752 Quae
565 702 694 744 fuerit
725 701 927 756 primaria
957 701 1102 756 stirpis
1135 714 1158 741 σ
1158 705 1195 758 f
1198 715 1216 741 ε
1248 701 1311 744 vis
1334 703 1377 743 et
1398 703 1604 757 quomodo
1624 717 1702 757 per

289 779 447 835 gradus
492 780 656 821 mutata
701 779 757 820 sit
801 778 876 820 illa
921 778 985 820 vis
1031 778 1203 821 uberius
1250 778 1445 833 exposuit
1475 777 1701 821 Windisch

290 855 405 898 Curt.
454 854 571 898 Stud.
619 853 673 897 II.
719 855 965 907 239—373‚
998 856 1118 910 cujus
1150 855 1479 910 disputationem
1512 855 1699 898 breviter

289 931 534 987 complexus
565 934 630 974 est
660 931 797 974 Gauer
826 931 856 975 l.
888 945 924 974 c.
958 932 1205 974 149—156.

432 1008 472 1051 A
503 1009 636 1064 stirpe
669 1013 750 1067 ofs
784 1009 946 1051 alienus
978 1010 1043 1050 est
1074 1008 1216 1051 enclit.
1240 1008 1326 1051 dor.
1351 1023 1439 1051 acc.
1461 1023 1516 1050 νιν
1538 1025 1578 1052 v.
1603 1011 1699 1053 132.

289 1085 503 1128 Pluralem
549 1100 714 1141 quoque
755 1085 1042 1142 significatum
1072 1085 1215 1137 habet,
1247 1100 1416 1141 semper
1447 1085 1701 1142 anaphorice

289 1165 529 1218 usurpatur,
562 1164 787 1218 respondet
818 1164 871 1205 ad
902 1179 968 1218 ep.
1001 1163 1083 1206 ion.
1117 1177 1195 1218 μιν,
1228 1164 1339 1219 quod
1371 1166 1414 1206 et
1445 1164 1702 1219 anaphorica

289 1241 332 1283 et
377 1239 580 1283 reflexiva
625 1240 668 1283 vi
713 1240 939 1296 praeditum
986 1242 1061 1283 est.
1126 1239 1199 1283 Cfr
1244 1239 1411 1283 Ahr.1.
1446 1256 1480 1282 c.
1515 1242 1614 1293 255,
1651 1241 1702 1285 G.

288 1316 401 1371 Mey.
450 1317 550 1360 383.
593 1340 646 1346 —
691 1317 828 1359 Cauer
858 1317 885 1358 1.
919 1331 955 1359 c.
991 1318 1074 1359 106
1105 1332 1194 1372 seq.
1226 1316 1379 1372 Boppi,
1413 1317 1701 1370 Doederleini‚

290 1393 409 1436 Curti
455 1394 537 1444 (cfr
582 1392 764 1436 Grundz.
813 1393 915 1443 543)
953 1393 1184 1435 sententias
1216 1393 1267 1436 de
1299 1395 1394 1436 ortu
1426 1394 1704 1450 etymologico

289 1470 522 1511 formarum
568 1483 634 1524 μιν
681 1471 724 1512 et
768 1483 824 1510 νιν
872 1469 1077 1525 exposuit.
1141 1469 1277 1513 Cauer
1323 1469 1622 1512 Doederleinio
1660 1473 1704 1512 et

290 1546 437 1588 Curtio
483 1558 677 1588 assensus
724 1548 800 1596 est,
847 1546 921 1601 qui
967 1547 1189 1602 utramque
1237 1546 1418 1588 formam
1461 1562 1485 1588 a
1524 1545 1703 1602 stirpe't

290 1625 426 1664 ortam
468 1637 559 1665 esse
598 1624 764 1677 putant.
826 1622 927 1664 Alia
957 1623 1027 1665 via
1057 1637 1208 1665 vocum
1240 1623 1450 1678 originem
1482 1624 1702 1678 exquirere

290 1701 465 1742 conatus
512 1702 576 1742 est
621 1698 728 1742 Ahr.
774 1699 803 1742 l.
851 1714 886 1742 c.
951 1699 1146 1743 Forsitan
1192 1700 1349 1742 rectius
1380 1700 1535 1743 viderit
1566 1700 1701 1755 Bopp,

290 1777 364 1833 qui
410 1792 529 1819 suam
574 1777 742 1833 utrique
781 1777 988 1820 vocabulo
1017 1777 1169 1820 tribuit
1200 1777 1387 1819 radicem
1418 1779 1508 1831 (ma
1539 1780 1582 1819 et
1611 1777 1701 1831 mr).

290 1854 435 1895 Etiam
481 1853 531 1897 G.
578 1854 726 1909 Meyer
759 1855 855 1906 185,
888 1856 974 1897 383
1006 1868 1071 1908 μιν
1104 1857 1147 1896 et
1177 1868 1234 1895 νιν
1266 1854 1438 1897 voculas
1471 1869 1493 1896 e
1526 1854 1703 1897 diversis

290 1929 504 1973 radicibus
534 1930 747 1986 profectas
779 1945 869 1973 esse
901 1931 1097 1973 affirmat.
1160 1930 1234 1973 Cfr
1263 1930 1312 1973 L.
1342 1929 1455 1986 Mey.
1481 1931 1579 1983 594,
1603 1929 1702 1973 597.

853 2012 903 2055 In
934 2014 990 2056 id.
1023 2012 1149 2056 XXII

432 2091 475 2146 a)
507 2090 672 2134 Formae
704 2086 958 2134 substantivi
989 2090 1268 2147 pronominis:

434 2168 575 2210 enclit.
609 2165 646 2208 οἱ
676 2183 743 2210 vv.
777 2169 877 2220 204,
910 2169 1014 2220 2103
1063 2169 1205 2211 enclit.
1239 2181 1369 2225 σφεων
1399 2183 1438 2210 v.
1475 2168 1528 2210 10
1561 2166 1702 2218 (Hom.

290 2244 449 2288 Herod.
483 2258 626 2302 σφεων,
659 2247 733 2287 att.
768 2244 906 2302 σφῶν),
939 2245 1080 2288 enclit.
1115 2259 1226 2303 σφισι
1256 2260 1295 2288 v.
1330 2245 1399 2288 83.

289 2364 379 2389 sane
403 2353 510 2395 esset,
536 2351 569 2387 si
593 2351 693 2388 idem
715 2353 837 2398 poeta,
863 2351 928 2397 qui
951 2351 1001 2387 id.
1027 2352 1141 2388 XVII.
1159 2351 1206 2387 82
1223 2350 1287 2397 μὲν
1305 2352 1392 2387 ante
1410 2347 1443 2383 οἱ
1459 2348 1703 2397 produxisset,
1767 2400 1769 2402 Ι

289 2411 352 2447 hic
386 2411 424 2447 in
465 2411 594 2447 eadem
630 2423 755 2447 versus
792 2412 876 2448 sede
915 2411 978 2458 μέν
1014 2414 1102 2448 ante
1137 2408 1169 2444 οἱ
1207 2410 1388 2457 corripere
1411 2408 1604 2456 potuisset,
1630 2406 1705 2443 nisi

291 2471 388 2507 forte
413 2469 561 2507 credere
587 2470 676 2506 licet
698 2472 848 2516 poetam
874 2470 914 2505 in
938 2470 1094 2507 diversis
1120 2470 1325 2506 carminum
1344 2467 1540 2515 generibus
1558 2466 1705 2502 diversa

289 2530 436 2567 ratione
461 2529 631 2566 consulto
656 2541 761 2565 usum
787 2541 874 2572 esse,
900 2529 956 2566 ita
980 2532 1024 2566 ut
1048 2529 1088 2565 in
1112 2529 1217 2576 epico
1243 2527 1407 2565 carmine
1430 2526 1535 2563 XVII
1559 2525 1607 2562 ad
1633 2525 1705 2561 Ho-

289 2589 466 2626 mericam
492 2588 794 2625 consuetudinem
820 2600 858 2624 se
882 2589 1099 2634 applicaret,
1125 2588 1165 2623 in
1189 2587 1339 2623 mimico
1364 2586 1432 2622 XV
1456 2586 1504 2621 ab
1530 2597 1574 2621 ea.
1591 2584 1705 2619 disce·

290 2648 406 2685 deret.
456 2647 561 2692 Quod
591 2646 624 2684 si
657 2646 834 2684 audacius
858 2649 915 2684 est
940 2647 1017 2684 tale
1040 2659 1107 2694 pro
1133 2648 1233 2684 certo
1258 2647 1433 2688 statuere,
1459 2643 1616 2680 fortasse
1640 2640 1705 2679 eli-

291 2708 414 2755 genda
438 2709 496 2744 est
519 2706 704 2753 scriptura
728 2707 797 2753 πὰρ
823 2707 886 2753 μὲν
912 2705 1047 2753 ὀπώρα.

1665 3163 1674 3176 x.
1681 3146 1722 3176 ‘m
