2056 3176
845 214 1074 256 *11—

795 331 844 374 In
874 332 930 375 id.
963 330 1089 374 XXII
1106 347 1116 375 :

252 399 493 487 hujusmodi
523 426 632 469 nihil
663 428 823 478 exstat3
855 426 900 468 in
920 426 986 469 his
1008 426 1212 482 exemplis
1233 439 1260 482 η
1281 425 1461 481 legitur:
1494 422 1662 480 ᾐωρεῖτο

252 522 292 550 v.
325 504 394 558 51,
427 503 660 561 ἀφημμένον
690 518 731 545 v.
757 504 834 555 52,
868 503 1105 559 συνηλοίησε
1137 518 1178 545 v.
1213 504 1311 545 128.

393 616 447 660 D.
496 616 540 657 in
571 629 686 657 voce.
719 615 973 670 compositis,
996 630 1175 670 quarum
1197 614 1331 656 altera
1351 629 1450 669 pars
1472 613 1661 656 vocalem

255 708 282 735 α
312 693 585 750 incipientem
616 692 751 735 ionice
783 692 827 762 ἐρ
858 706 883 748 η
914 692 1161 748 productam
1192 691 1344 734 habet:

826 788 870 829 in
900 787 956 830 id.
989 787 1093 830 XV:

254 882 474 938 ἀνάριθμοι
505 898 546 925 v.
578 883 648 935 45,
683 879 854 922 ἀνάνυτα
886 897 924 924 v.
958 883 1036 933 873

621 1037 623 1039 ι
684 976 728 1018 in
759 976 815 1018 id.
848 974 975 1018 XXII
1006 989 1032 1031 η
1062 978 1230 1037 tenent:
1480 1036 1485 1043 .

253 1068 450 1128 ὑπήνεμον
480 1086 520 1114 v.
554 1072 623 1123 32,
650 1068 847 1126 .ἐνήνεμος
877 1085 916 1113 v.
949 1071 1006 1112 44
1038 1071 1173 1121 (brevi
1205 1084 1232 1110 α
1263 1070 1307 1111 in
1338 1083 1363 1126 η
1395 1045 1600 1123 mutat0);

848 1179 874 1204 α
903 1166 1068 1219 praebet
1617 1138 1625 1145 v

253 1259 435 1316 ἀρχαγὸς
465 1276 503 1303 v.
540 1261 637 1312 110,
670 1260 720 1302 de
753 1275 835 1315 quo
867 1260 962 1302 vide
995 1260 1110 1302 Curt.
1134 1259 1315 1303 Grundz,
1342 1260 1424 1302 170
1447 1274 1534 1314 seq.
1588 1259 1661 1302 Ofr

253 1338 339 1380 dor.
374 1340 596 1392 στραταγός
625 1336 802 1379 Meister
832 1337 962 1380 Diall.
994 1336 1028 1380 I.
1062 1337 1117 1379 64
1158 1339 1200 1379 et
1231 1336 1279 1380 G.
1312 1336 1459 1392 Meyer
1487 1338 1556 1389 52,
1591 1337 1660 1379 62.

391 1449 442 1494 Ε.
489 1450 532 1491 in
571 1449 638 1491 his
680 1449 872 1505 singulis,
909 1464 1087 1505 quorum
1124 1449 1259 1492 multa
1297 1449 1349 1491 ad
1381 1448 1534 1504 stirpes
1565 1463 1659 1504 quae

253 1540 280 1566 α
309 1529 455 1568 tenent
486 1526 636 1568 referri
667 1529 865 1581 possunt:

816 1618 866 1660 In
897 1620 952 1661 id.
985 1619 1086 1662 XV:

252 1711 464 1755 Ἀθαναία
503 1712 543 1757 νζ
576 1716 646 1767 80,
678 1714 789 1769 quod
819 1715 1071 1757 vocabulum
1101 1729 1178 1769 pro
1209 1714 1416 1756 adiectivo
1451 1738 1501 1744 --
1535 1714 1661 1756 simul

250 1791 393 1834 audito
441 1792 573 1835 subst.
621 1792 704 1832 θεά
745 1817 798 1821 -
840 1791 1095 1845 habendum,
1128 1792 1181 1834 ad
1212 1791 1342 1834 subst.
1377 1788 1540 1846 Ἀθήνη
1572 1790 1659 1833 dor.

250 1865 417 1909 Ἀθάνα
462 1869 748 1911 reducendum
794 1871 858 1910 est
904 1868 1054 1919 (Gerth
1100 1868 1216 1911 Curt.
1263 1867 1382 1910 Stud.
1414 1866 1436 1909 I
1466 1868 1508 1910 b.
1541 1868 1657 1922 212).

250 1943 332 1996 (De
365 1958 392 1984 α
421 1944 466 1986 in
496 1945 680 1998 vocibus,
712 1960 805 2001 quae
837 1945 965 2001 vulgo
994 1945 1040 1987 in
1066 1958 1140 2001 ηνη
1163 1945 1372 1998 desinunt,
1394 1959 1420 1986 a
1439 1944 1658 1987 Doriensi-

250 2021 327 2063 bus
358 2024 560 2076 usurpato
590 2022 686 2064 vide
718 2022 825 2065 Ahr.
857 2022 987 2065 Diall.
1018 2020 1076 2064 II.
1111 2022 1208 2064 134.
1248 2022 1312 2064 cfr
1340 2021 1454 2063 Curt.
1478 2020 1658 2064 Grundz.

250 2098 350 2150 251,
383 2097 499 2152 434),
533 2098 743 2154 μῦρμακες
772 2114 812 2141 v.
845 2080 901 2140 4⁸5
934 2098 1016 2150 (De
1049 2099 1136 2141 dor.
1169 2112 1195 2138 α
1226 2113 1375 2140 vocum
1396 2098 1525 2155 vulgo
1545 2098 1591 2140 in
1611 2097 1659 2154 ηξ

193 2192 198 2196 ·
250 2187 347 2229 gen.
394 2187 494 2229 ηκος
540 2175 822 2218 desinentium
867 2175 963 2217 vide
1010 2174 1116 2217 Ahr.
1163 2176 1192 2217 l.
1225 2176 1294 2229 c.),
1340 2172 1530 2230 ἀλεμάτω
1559 2191 1600 2218 v.
1632 2176 1659 2218 4

251 2248 346 2304 (pro
376 2247 594 2306 ἠλεμάτοι),
628 2253 740 2308 quod
772 2253 825 2295 ab
857 2252 1066 2295 adiectivo
1096 2249 1218 2308 ἠλεός
1247 2252 1519 2295 derivandum
1541 2254 1658 2308 puto.

251 2325 299 2367 L.
346 2326 494 2381 Meyer
542 2329 639 2381 703,
688 2328 856 2371 Curtius
902 2329 930 2371 l.
976 2344 1014 2371 c.
1048 2329 1129 2371 557
1163 2326 1286 2384 ἠλεός
1317 2329 1377 2370 ad.
1400 2329 1585 2370 radicem
1608 2325 1660 2368 ἀλ

250 2403 468 2455 reducunt,
517 2394 610 2458 quee
657 2405 870 2447 invenitur
915 2405 960 2446 in
1002 2403 1096 2460 ἄλη,
1130 2403 1315 2445 ἀλᾶσθαι
1347 2407 1426 2447 etc.
1459 2401 1661 2460 ἀλέματος

251 2491 304 2519 ne
343 2478 388 2520 in
427 2480 570 2522 dorica
599 2482 772 2537 quidem
803 2482 984 2524 dialecto
1015 2482 1196 2525 inveniri
1226 2482 1413 2537 potuisse
1445 2481 1662 2524 contendit

253 2551 391 2608 Oppel
435 2569 477 2610 p.
522 2557 611 2611 21),
659 2564 812 2604 σκανᾶς
848 2573 888 2600 v,
923 2558 976 2600 16
1009 2558 1181 2609 (Morsb.
1213 2573 1256 2613 p.
1289 2559 1366 2601 23:
1421 2559 1574 2609 ,σκανά
1605 2576 1660 2592 =

254 2628 430 2671 σκαδ-να
475 2647 500 2674 a
530 2634 662 2690 stirpe
710 2634 851 2675 σκαδ.“
919 2634 993 2677 cfr
1023 2635 1072 2678 L.
1104 2635 1253 2690 Meyer
1284 2637 1352 2678 98.
1414 2634 1662 2694 Brugmann
