2056 3176
293 427 298 431 ¹
396 377 572 420 Duobus
610 377 776 419 izanssum
804 376 907 418 locis
938 376 1120 430 ophimus
1151 376 1327 430 quisque
1358 375 1492 417 codex
1521 389 1548 431 η
1579 390 1661 430 pro

158 442 160 445 ,
198 458 202 460 ’
255 468 284 496 α
308 453 514 503 exhibet:
555 448 657 508 αὒτῇ
680 452 713 507 ¹)
753 468 793 496 v.
834 454 874 505 2,
913 447 1037 509 αὐτῆς
1068 468 1106 496 v.
1141 453 1247 504 1313
1292 453 1367 494 sed
1397 451 1469 498 ,his
1500 467 1663 508 quoque

257 531 361 589 locis
392 545 420 572 α
449 530 718 573 scribendum
748 531 865 585 puto.

396 607 491 650 Huc
522 606 661 649 refero
690 605 955 661 περονατρὶδα
985 622 1023 648 v.
1057 608 1126 658 21,
1160 603 1260 661 ἐμπε
1264 608 1420 661 ρόναμα
1440 622 1478 648 v.
1501 608 1572 659 34,
1594 620 1664 647 πε-

255 686 461 740 ρονάματα
481 683 515 735 ²³)
547 698 587 726 v.
621 683 689 735 79,
721 697 815 738 quae
842 683 1048 726 vocabula
1068 699 1093 725 a
1114 684 1260 735 subsh,
1283 683 1394 739 quod
1417 684 1480 725 est
1500 685 1661 739 περόνη,

254 761 483 804 derivando
514 763 608 803 orta
639 762 749 803 sunt.

394 829 615 881 Acceduni:
661 837 874 890 adverbia,
922 852 1015 892 quae
1062 852 1138 893 pro
1177 839 1319 880 vetere
1350 837 1663 879 instrumentali

254 929 355 957 casu
399 914 595 969 stirpium
640 928 718 968 per
749 927 776 953 α
807 914 1049 955 exeuntium
1079 913 1276 955 habenda
1306 915 1426 956 sunt:
1469 909 1593 953 ταῦτᾶ
1621 928 1661 955 v.

256 993 324 1044 18,
362 998 420 1031 πᾶ
457 1006 497 1033 v.
537 992 607 1042 33,
647 1005 825 1045 quorum
856 991 908 1032 ad
940 990 1179 1044 exemplum
1209 1005 1287 1045 per
1317 990 1556 1049 analogiam
1588 991 1663 1031 fic-

252 1069 343 1110 tum
374 1069 437 1110 est
468 1066 728 1119 adverbium,
760 1066 966 1122 quod-est
996 1072 1125 1107 παντᾱ
1155 1081 1193 1109 v.
1228 1067 1253 1108 6
1286 1065 1400 1121 (bis).
1463 1066 1537 1109 Gfr
1573 1065 1661 1109 Gu-

254 1147 347 1186 stav
377 1145 537 1199 Meyer,
571 1143 740 1186 Griech.
774 1143 1051 1193 Grammatik,
1085 1144 1164 1185 Ed.
1197 1142 1254 1185 II.
1286 1158 1327 1197 p.
1362 1145 1459 1185 365.

849 1236 911 1279 Id.
943 1235 1069 1278 XXII

251 1331 493 1386 hujusmodi
539 1330 733 1385 exempla
777 1331 941 1384 praebet
973 1330 1100 1372 -haecz
1148 1330 1481 1384 λιπαρὰ-γαλάνα
1517 1346 1557 1372 v.
1593 1332 1660 1382 19,

251 1396 334 1448 θεά
373 1423 412 1450 v.
453 1408 551 1461 116,
583 1405 701 1454 Ἴδας
731 1423 797 1450 vv.
833 1407 930 1461 140,
965 1408 1063 1460 173,
1099 1408 1195 1460 199,
1228 1408 1326 1459 208,
1359 1407 1494 1448 πολλὰ
1524 1407 1588 1450 bis
1619 1423 1659 1450 v.

254 1486 351 1537 156,
397 1483 563 1537 Σπάρτα
599 1500 640 1527 v.
686 1486 783 1537 156,
817 1477 1022 1538 Ἀρκαδία
1052 1500 1090 1526 v.
1127 1486 1224 1536 157,
1257 1482 1454 1525 Massava
1486 1500 1525 1526 v.
1561 1479 1659 1536 158,

252 1558 356 1601 ἀκτὰ
385 1576 425 1603 v.
459 1562 557 1613 158,
588 1560 738 1615 κραδία
767 1577 807 1604 v.
843 1562 940 1609 171,
964 1556 1215 1615 Τυνδαρίδας
1234 1577 1273 1604 v.
1296 1562 1405 1612 2023
1433 1557 1660 1614 Τυνδαρίδα

250 1651 290 1679 v.
333 1638 431 1688 136,
469 1638 599 1676 πύκτα
640 1652 680 1678 v.
727 1638 831 1687 132;
874 1636 1016 1677 κοίλαν
1052 1652 1093 1679 v.
1129 1638 1194 1688 12,
1226 1638 1376 1690 κράναν
1407 1652 1445 1678 v.
1479 1638 1549 1689 37,
1581 1638 1660 1690 μά-

249 1725 329 1768 χαν
359 1728 398 1755 v.
434 1713 502 1765 90,
534 1709 687 1767 πράταν
726 1729 766 1756 v.
813 1713 910 1765 184,
943 1711 1071 1767 ἄκραν
1102 1729 1140 1756 v.
1176 1714 1273 1764 196,
1307 1712 1456 1753 στάλαν
1487 1728 1526 1755 v.
1559 1713 1658 1764 207,

250 1790 392 1830 τυκτάν
422 1803 461 1831 v.
496 1790 599 1841 2103
633 1787 750 1844 ἑτέρα
781 1804 819 1832 v.
855 1790 952 1842 120,
985 1802 1102 1843 γενεα
1133 1804 1173 1832 v.
1197 1790 1294 1841 183,
1319 1787 1525 1844 Ελὲναν.
1549 1790 1653 1841 216;

249 1863 394 1921 Λήδας
438 1881 505 1909 vv.
539 1867 578 1919 1,
619 1867 719 1919 214,
752 1864 995 1926 ἐφερποίσας
1026 1882 1064 1909 v.
1099 1867 1166 1919 15,
1199 1873 1294 1921 μιᾶς
1324 1882 1365 1909 v.
1398 1868 1466 1919 30,
1499 1864 1657 1921 μέσσας

248 1956 288 1984 v.
323 1942 427 1994 1043
462 1943 678 1997 πρῴραθεν
710 1958 749 1986 v.
785 1944 852 1985 11.

43 1552 48 1556 .
44 1523 52 1531 ς
46 1467 49 1469 ,
41 1387 49 1424 ι.
40 1345 51 1353 ,·
45 1300 51 1317 ,η
40 1247 50 1269 ”,
42 1181 47 1197 w
39 1096 49 1139 ·»«”
38 1026 56 1054 ,ν’
40 933 59 1005 aab,
39 896 44 900 ·
41 847 57 874 2„-
41 809 55 831 ’,γ

68 1582 70 1585 ’
72 1428 76 1432 .
73 1318 76 1319 ,
65 1132 69 1135 ’
73 1071 75 1073 .
69 1033 75 1038 ‹
74 1000 78 1017 ,„
67 869 70 873 -
68 844 75 850 ι

394 2094 417 2135 ¹)
444 2092 532 2140 αὺτῇ
559 2107 589 2132 0.
614 2108 649 2141 p.
682 2096 717 2131 k.
749 2096 832 2132 Ald.
858 2096 956 2132 lunt.
982 2096 1093 2142 Ziegl.
1121 2096 1178 2131 Fr.
1205 2092 1295 2142 αὐτῆ
1323 2095 1418 2132 Med.
1445 2095 1539 2131 Call.
1566 2093 1655 2140 αὐτᾷ

249 2153 423 2189 Wintert.
460 2153 572 2189 Mein.
609 2155 684 2189 Hil.
722 2152 819 2188 αὔτεῖ
842 2155 930 2190 Α111·.
980 2155 1019 2190 Si
1044 2155 1193 2190 omnino
1219 2154 1435 2190 adverbium
1460 2154 1656 2199 legendum

248 2213 315 2252 est,
341 2209 430 2244 αὒτᾶ
455 2211 513 2255 (--
539 2212 625 2255 11υο)
651 2224 763 2257 quam
788 2211 884 2245 αὸτεῖ
909 2212 966 2257 (--
993 2213 1068 2257 1110)
1096 2212 1253 2248 scribere
1277 2212 1417 2247 malim.
1467 2213 1538 2248 Sed
1554 2212 1654 2247 haud

248 2269 323 2306 scio
359 2281 407 2305 an
443 2282 550 2306 verus
586 2271 735 2307 dativus
768 2269 857 2316 αὐτᾷ
882 2272 950 2308 1100
975 2272 1056 2308 loco
1082 2271 1169 2308 ferri
1193 2271 1321 2317 possit.
1372 2271 1425 2307 De
1450 2271 1593 2317 origine
1618 2273 1656 2307 ei:

248 2328 459 2376 significatu
500 2330 759 2367 adverbiorum
799 2331 839 2367 in
879 2331 955 2368 dor.
998 2344 1034 2372 α,
1071 2331 1230 2367 ion-att.
1268 2343 1295 2377 η
1322 2330 1534 2367 exeuntium
1571 2330 1655 2367 vide

247 2388 358 2424 infra.

392 2446 419 2492 ⁹)
446 2446 666 2494 περνεύματα
697 2461 744 2495 p.,
772 2448 979 2496 χερνάματα
1006 2450 1065 2486 vel
1091 2448 1320 2495 χερονάματα
1346 2449 1544 2492 Hermann,
1571 2459 1656 2495 χερ-

247 2504 393 2552 νήματα
419 2507 475 2542 Fr.
501 2507 613 2543 Mein.
638 2520 674 2553 p.
700 2509 789 2544 305:
819 2509 1008 2551 „Fortasse
1034 2508 1262 2554 περονάματα
1280 2508 1376 2544 1111111
1394 2510 1450 2544 est
1467 2508 1540 2543 nisi
1557 2508 1658 2543 mala

247 2564 413 2602 evanidae
450 2566 551 2602 vocis
582 2578 605 2602 a
635 2569 747 2613 poeta
779 2567 937 2614 soriptae,
974 2580 1085 2613 quam
1112 2566 1325 2614 ποικίλματα
1349 2567 1409 2604 vel
1435 2564 1657 2612 δαιδάλματα

247 2624 307 2661 vel
342 2624 550 2670 τεχνάματα
587 2626 700 2662 fuisse
736 2627 916 2673 suspicari
952 2626 1053 2670 lieet,
1079 2627 1288 2663 eorrectio.⁴‘
1318 2625 1535 2672 τεχνάματα,
1559 2627 1657 2672 quod

246 2681 389 2720 Hillero
413 2684 603 2730 probatur,
629 2684 723 2721 mihi
748 2685 857 2722 valde
881 2686 1017 2733 placet.
