2056 3176
558 247 566 252 .
800 243 852 251 —
886 220 970 274 139
1004 244 1058 250 —

269 378 271 380 .
344 382 347 385 ,
639 353 681 380 αι
713 337 1001 404 diphthongus
1031 338 1224 382 eliditur:

309 464 311 467 ,
364 415 423 462 A.
483 416 528 460 in
558 414 622 459 I:a
650 429 761 472 pers.
794 415 927 473 sing.:
958 413 1097 457 XXII.
1130 415 1185 458 25
1218 413 1411 471 ἄρξομαι;

297 475 307 528 ³-
365 493 419 539 Β.
480 492 664 536 inelllza
693 507 804 548 pere.
836 493 954 549 sing:
986 491 1125 535 XXII.
1159 494 1213 535 69
1245 492 1514 548 κεκλήσεταις

292 613 303 630 ,
367 569 415 616 C.
461 571 521 613 in
565 567 673 614 III:a
717 585 827 626 pers.
874 569 1008 626 plun:
1054 567 1148 612 XV.
1201 570 1256 613 73
1301 565 1514 622 ὠθεῡνται,
1549 569 1632 612 120

226 647 455 704 δὲδμανται.

365 723 643 769 Inveniuntur
687 724 821 781 igitur
858 723 1055 767 elisiones
1084 724 1129 767 in
1159 724 1216 767 id.
1248 722 1330 767 XV
1360 722 1634 780 septuaginta

226 803 333 855 duae,
364 802 410 844 in
438 802 495 844 id.
527 800 652 843 XXII
683 803 852 843 eentum
871 801 1049 856 triginta
1069 804 1170 842 tres.
1232 801 1298 842 Ex
1320 800 1474 855 quibus
1495 791 1633 842 emer-

210 878 291 936 ,git
334 878 527 934 idyllium
571 876 653 920 XV
698 878 742 919 in
774 877 946 920 elisione
978 876 1218 945 adhibenda
1249 877 1302 919 ab
1333 876 1480 932 idyllio
1509 874 1633 918 XXII

194 1007 197 1009 Π
224 956 352 1011 longe
382 955 593 1010 superari:
625 955 671 996 in
700 954 781 997 hoc
812 954 924 996 enim
955 954 1140 996 carmine
1172 969 1195 995 e
1227 953 1416 996 centenis
1441 953 1633 996 versibus

224 1031 314 1075 fere
345 1031 548 1088 sexageni
569 1031 738 1087 singula
764 1033 912 1073 tenent
933 1030 1118 1073 elisionis
1139 1030 1347 1086 exempla,
1368 1030 1630 1088 quadrageni

225 1109 314 1152 fere
346 1108 488 1152 octoni
519 1108 564 1150 in
593 1108 652 1152 id.
682 1107 778 1152 XV.

221 1168 223 1171 Ι
314 1170 320 1175 ’
366 1184 606 1240 Saepissime
647 1199 666 1224 ε
704 1185 861 1227 vocalis
900 1185 1114 1227 elisionem
1145 1185 1324 1239 patitur:
1357 1185 1476 1240 cujus
1507 1198 1633 1226 voca-

224 1260 278 1305 lis
309 1261 423 1304 elisae
455 1261 515 1307 in.
531 1261 677 1317 idyllio
718 1260 799 1303 XV
829 1261 1010 1318 triginta
1040 1260 1136 1315 tria,
1169 1276 1298 1304 unum
1329 1263 1372 1303 et
1401 1260 1632 1317 nonaginta

225 1338 271 1380 in
315 1338 462 1394 idyllio
506 1337 631 1380 XXII
677 1341 844 1380 exstant
875 1337 1080 1393 exempla.
1142 1337 1208 1380 Ex
1238 1338 1423 1390 vocibus,
1454 1352 1631 1394 quarum

227 1429 246 1457 ε,
276 1415 401 1458 finale
433 1415 605 1458 elisione
637 1418 845 1458 summota
875 1417 951 1468 est,
979 1415 1318 1470 frequentissime
1341 1415 1461 1457 nobis
1482 1429 1630 1457 occur-

225 1493 333 1534 runt
354 1492 588 1547 particulae‚
621 1507 714 1547 quae
746 1494 844 1534 sunt
874 1491 931 1544 δέ,
964 1506 1004 1532 τε
1037 1494 1086 1533 οὺ
1104 1492 1255 1547 juncta
1284 1491 1503 1544 voeabula,
1526 1506 1629 1547 quo-

225 1583 319 1612 rum
363 1569 575 1625 posterior
613 1583 711 1625 pars
743 1568 876 1612 altera
907 1568 1076 1611 illarum
1106 1583 1259 1616 vocum>
1285 1570 1370 1620 est3
1403 1568 1523 1625 cujus
1554 1583 1631 1625 ge-

225 1645 339 1697 neris
370 1645 565 1686 elisiones
609 1646 654 1686 in
684 1646 741 1687 id.
772 1645 853 1687 XV
886 1646 1190 1700 duodeviginti,
1223 1645 1633 1700 duodeseptuaginta

225 1722 271 1765 in
315 1722 372 1765 id.
419 1720 545 1764 XXII
590 1722 745 1765 insunt.
815 1721 883 1765 Ad
930 1722 1148 1765 elisionum
1196 1722 1477 1777 frequentiam
1522 1722 1633 1778 quod

179 1787 181 1789 ’
226 1798 380 1841 attinet
425 1799 478 1840 ad
511 1813 530 1839 ε
560 1799 747 1842 vocalem
788 1799 978 1855 proxime
1010 1799 1175 1841 accedit
1205 1799 1244 1851 ἅ,
1277 1813 1371 1854 quae
1401 1798 1558 1841 vocalis
1589 1798 1634 1840 in

225 1875 284 1918 id.
313 1875 393 1918 XV
424 1877 554 1918 vicies
585 1858 735 1937 sexies,
767 1877 811 1918 in
841 1877 898 1919 id.
929 1875 1055 1918 XXII
1084 1877 1214 1919 vicies
1245 1878 1395 1930 quater
1421 1876 1525 1918 elisa
1546 1878 1632 1926 est3

225 1965 362 2007 neque
409 1966 509 1995 vero
549 1967 802 2008 quemquam
833 1952 983 2009 fugere
1015 1954 1156 2007 potest
1185 1954 1356 2007 poetam
1385 1952 1430 1994 in
1461 1951 1516 1994 id.
1553 1951 1634 1994 XV

226 2026 467 2084 hujusmodi
499 2028 694 2071 elisiones
724 2043 802 2084 pro
833 2031 927 2071 rata
957 2030 1078 2084 parte
1109 2028 1242 2072 multo
1273 2028 1536 2084 frequentius
1557 2028 1632 2070 ad-

225 2105 389 2147 misisse
414 2120 548 2166 ⁸quam
578 2106 623 2147 in
653 2106 709 2148 id.
742 2105 880 2150 XXII.
940 2105 1048 2148 Tum
1078 2108 1310 2161 sequuntur
1342 2120 1354 2146 ι
1385 2108 1428 2148 et
1457 2120 1479 2146 ο
1509 2120 1634 2149 voea-

225 2180 302 2234 les,
347 2196 526 2237 quarum
564 2182 639 2224 illa
683 2182 729 2224 in
758 2182 815 2224 id.
846 2181 929 2225 XV
959 2182 1109 2235 sexies,
1142 2182 1187 2224 in
1218 2182 1274 2224 id.
1307 2181 1430 2224 XXII
1461 2182 1632 2237 septies,

225 2256 319 2299 haeo
364 2258 409 2300 in
455 2259 511 2300 id.
558 2258 640 2301 XV
685 2259 922 2314 quinquies,
968 2259 1013 2301 in
1042 2259 1100 2301 id.
1130 2257 1255 2300 XXII
1286 2259 1429 2301 novies
1461 2259 1633 2300 elisione

182 2366 185 2367 ν
226 2336 523 2376 summovetur.
587 2348 629 2374 αι
660 2334 914 2391 diphthongi
945 2335 1059 2377 elisae
1091 2334 1191 2377 bina
1218 2337 1443 2390 utrumque
1464 2349 1634 2377 carmen

186 2428 189 2431 ·
228 2408 402 2452 exhibet
432 2411 639 2466 exempla.

369 2484 524 2529 Omnes
560 2502 706 2530 versus
736 2488 975 2541 incisiones,
1007 2489 1186 2543 excepta.
1216 2487 1329 2530 thesi
1359 2488 1469 2530 sexti
1499 2487 1633 2543 pedis,

228 2560 445 2605 elisionem
492 2564 715 2614 admittere
761 2565 964 2622 videmus.
1025 2562 1143 2607 Inter
1181 2564 1405 2607 incisiones
1436 2565 1490 2607 ad
1520 2554 1646 2606 elisi-‘

197 2630 200 2631 ⁷
227 2652 353 2682 onum
383 2639 668 2698 frequentiam
698 2642 921 2699 dispositas
950 2641 1042 2686 haeo
1072 2642 1298 2685 intercedit
1326 2642 1453 2686 ratio:
