2056 3176
810 230 1040 271 -03-

356 345 410 391 B.
471 348 541 388 καί
571 345 615 389 in
647 345 758 389 crasi
787 347 947 389 exstat:

357 456 453 484 cum
483 442 677 497 sequenti
705 441 890 497 simplici
919 441 1058 484 vocali
1089 441 1265 484 coaluit:

355 535 527 593 κῆπειτα
559 552 597 579 v.
631 536 700 588 74,
731 533 806 597 ξῆν
837 552 876 579 v.
910 537 980 589 86,
1011 533 1074 591 χὼ
1099 540 1146 579 'v.
1181 537 1289 587 126;

305 625 308 627 “
355 646 450 673 cum
480 630 674 686 sequenti
704 629 938 686 diphtongo
970 631 1197 673 concurrit:

245 742 247 744 ·
354 722 441 771 κείς
485 740 552 768 vv.
601 718 673 775 74,
713 726 811 777 136,
857 725 954 777 147,
1000 721 1130 765 καῦτά
1175 741 1214 767 v.
1248 725 1317 777 57,
1349 722 1621 780 κῴκτίρμονος

213 817 253 844 v.
290 803 343 845 75
375 800 459 854 (cfr
488 801 646 843 Morsb.
681 801 777 856 83);

354 895 509 950 duplex
556 895 705 938 erasis:
753 892 893 950 χὼμός
938 895 1032 950 (pro
1061 897 1131 936 καὶ
1162 893 1184 936 ὀ
1216 893 1331 950 ἐμός)
1362 911 1400 938 v.
1436 897 1503 943 18,
1535 892 1620 950 χὼ-

211 973 284 1028 νήρ
315 970 409 1028 (pro
439 971 510 1013 καὶ
541 968 563 1013 ὁ
595 968 710 1028 ἀνήρ)
742 987 782 1015 v.
817 971 914 1014 148.
967 1028 970 1030 Ι

1007 1097 1025 1112 ρ

354 1099 401 1146 C.
462 1099 707 1157 Interjectio
752 1116 846 1157 quae
893 1103 957 1144 est
1001 1116 1033 1141 ω
1078 1117 1173 1144 cum
1203 1101 1396 1157 sequenti
1426 1101 1619 1145 vocativo

211 1178 387 1220 coaluit:
420 1175 615 1231 ὤνθρωπε
644 1193 684 1220 v.
719 1179 789 1220 71.

351 1289 417 1331 De
448 1289 557 1331 crasi
589 1289 653 1331 cfr
684 1289 733 1332 G.
765 1289 914 1346 Meyer
947 1290 1191 1332 142—168.

762 1400 811 1443 In
844 1402 900 1445 id.
931 1401 1056 1444 XXII
1148 1377 1150 1379 ’

351 1494 503 1548 Crasis,
536 1510 662 1550 quam
685 1483 904 1537 'rarissime
936 1498 1112 1551 usurpat
1144 1496 1366 1546 Homerus,
1390 1497 1433 1537 in
1455 1496 1533 1538 hoc
1555 1497 1614 1539 id.

208 1572 338 1613 semel
368 1575 546 1624 tantum,
577 1568 678 1612 κούκ
707 1588 748 1615 v.
781 1572 850 1624 57,
882 1573 1002 1615 nobis
1033 1573 1239 1615 occurrit„

335 1647 544 1704 ,Apparet
590 1663 642 1690 ex
687 1648 752 1700 iis,
799 1634 893 1704 cuae
940 1649 990 1690 de
1035 1648 1250 1691 vocalibus
1297 1649 1540 1691 diducendis
1572 1651 1615 1691 et

208 1724 502 1766 contrahendis
548 1739 675 1779 supra
713 1724 889 1778 (V—X)
921 1725 1146 1779 disputavi,
1179 1724 1450 1766 Theocritum
1481 1726 1525 1766 in
1556 1726 1612 1767 id.

206 1799 289 1842 XV
310 1801 363 1842 ad
385 1801 571 1842 doricam
600 1801 943 1843 consuetudinem
963 1802 1154 1855 proxime
1178 1802 1400 1843 accessisse
1423 1802 1466 1843 in
1487 1800 1613 1842 XXII

207 1877 350 1918 autem
395 1876 580 1919 carmine
628 1868 804 1919 eandem
842 1891 1066 1932 usurpasse
1098 1876 1374 1919 contrahendi
1405 1876 1612 1919 rationem

207 1954 333 2006 atque
381 1952 623 1994 Homerum.
686 1952 798 1994 Satis
843 1967 942 1994 vero
987 1956 1152 1994 constat
1182 1953 1414 1994 Homerum
1445 1954 1614 1995 omnino

207 2028 375 2071 easdem
418 2029 538 2084 sequi
584 2029 857 2072 contrahendi
898 2029 1014 2085 leges
1045 2032 1171 2084 atque
1204 2029 1354 2071 atticos
1386 2030 1459 2072 sed
1490 2030 1612 2072 modo

209 2108 446 2148 contractas
492 2106 615 2148 modo
661 2106 818 2148 solutas
849 2107 1039 2161 praebere
1070 2107 1241 2158 formas,
1273 2109 1398 2161 prout
1427 2108 1613 2162 postulat

204 2197 349 2224 versus
380 2184 576 2226 metrum.
637 2182 908 2225 Recentiores
951 2183 1182 2225 carminum
1225 2182 1402 2225 Homeri
1433 2184 1612 2227 editores

205 2257 388 2312 (Nauck,
436 2259 620 2308 Bekker,
669 2259 827 2314 Christ)
859 2260 1013 2315 ubique
1044 2259 1099 2301 in‘
1121 2260 1204 2301 arsi
1236 2260 1426 2302 diductas
1457 2261 1613 2302 formas

203 2338 454 2391 usurpantes
501 2321 641 2378 atticis
685 2336 870 2379 librariis
917 2337 1067 2378 docent
1107 2339 1344 2379 contractas
1374 2337 1530 2379 formas
1561 2338 1612 2379 iis

202 2411 306 2453 locis
337 2411 495 2465 deberi,
528 2412 601 2455 ubi
631 2412 799 2456 traditae
831 2414 930 2455 sunt
959 2427 1214 2468 quamquam
1236 2413 1362 2455 metri
1383 2428 1509 2456 causa
1529 2428 1613 2456 non

112 2475 114 2478 V
160 2500 162 2504 ’
202 2487 468 2530 necessariae.

2046 601 2056 629 a.
2030 257 2056 570 ,;‚ssmm.9v„
2053 226 2056 232 .
