2056 3176
206 994 308 1078 Ex
338 1037 516 1092 triginta
548 1037 804 1079 carminibus
836 1035 1098 1078 Theocriteis
1131 1051 1223 1090 quae
1247 1035 1472 1077 Theocrito
1494 1037 1616 1090 abju-

208 1101 386 1155 dicanda
432 1114 528 1164 sint,
577 1114 704 1154 etiam
751 1112 875 1154 hodie
924 1112 1145 1168 ambigunt
1190 1113 1271 1154 viri
1318 1094 1441 1154 docti.
1514 1112 1615 1162 Quae

207 1189 286 1231 hac
334 1191 384 1231 de
431 1205 476 1231 re
523 1191 707 1231 sentiant
738 1189 920 1239 Ahrens,
955 1189 1185 1241 Fritzsche,
1218 1189 1430 1237 Meineke,
1463 1189 1616 1241 Hiller,

208 1281 259 1308 ex
293 1267 344 1308 iis
377 1281 631 1322 cognoscere
664 1266 776 1319 licet,
809 1282 902 1321 quae
936 1266 978 1308 in
1012 1266 1265 1308 editionibus
1297 1267 1382 1308 suis
1415 1265 1617 1308 Theocri-

206 1344 286 1385 teis
319 1344 371 1386 ad
399 1344 723 1400 unumquodque
747 1358 916 1385 carmen
938 1344 1271 1398 disputaverunt.
1334 1342 1452 1385 Inter
1473 1358 1617 1385 omnes

205 1421 316 1463 viros
349 1422 489 1463 doctos
522 1421 743 1463 convenire
774 1421 942 1463 videtur
972 1421 1160 1462 carmina
1188 1419 1303 1471 XIX,
1333 1420 1427 1472 XX,
1449 1419 1617 1462 XXVII

206 1497 420 1539 Theocriti
453 1512 535 1539 non
569 1512 672 1539 esse.
725 1497 979 1539 Laurentius
1010 1497 1236 1539 Morsbach
1258 1497 1301 1538 in
1325 1497 1616 1538 dissertatione

215 1574 302 1625 „Dc
336 1574 531 1615 Dialecto
563 1573 837 1615 Theocritea“
866 1573 1043 1625 (Bonnae
1070 1574 1199 1623 1874)
1221 1574 1423 1628 inscripta
1445 1589 1520 1628 pro
1541 1588 1618 1627 ge-

208 1651 348 1692 nuinis
369 1650 501 1692 habet
521 1651 669 1705 idyllia
691 1648 934 1701 I--XVIH‚
957 1649 1343 1703 XXVIII—XXX,
1367 1653 1508 1692 cetera
1529 1666 1618 1692 om-

207 1727 278 1768 nia
308 1728 469 1768 incerta
501 1742 590 1768 esse
618 1728 795 1781 judicat.
859 1727 1031 1768 Carolus
1053 1727 1236 1768 Brinker
1257 1727 1301 1768 in
1324 1727 1616 1768 dissertatione

213 1802 302 1855 „De
340 1802 554 1845 Theocriti
595 1804 683 1846 vita
715 1804 1055 1859 carminibusque
1087 1804 1344 1845 subditiciis“
1382 1803 1619 1858 (Rostochii

210 1880 341 1934 1884)
387 1881 591 1935 inscripta
645 1880 872 1922 Theocrito
928 1881 1188 1935 abjudicavit
1242 1881 1326 1922 idd.
1373 1870 1494 1933 VIII,
1543 1879 1617 1933 IX,

207 1954 338 1997 XIX—
359 1955 486 2009 -XXI,
519 1955 680 2009 XXIII,
702 1955 883 2008 XXVII,
907 1960 1047 1998 cetera
1069 1958 1255 2012 genuina
1278 1972 1366 1998 esse
1390 1958 1617 1999 contendit.

208 2032 437 2087 Postquam
486 2047 535 2074 ea
579 2033 758 2088 perlegi,
806 2048 900 2088 quae
948 2034 999 2075 de
1046 2033 1303 2075 carminibus
1344 2031 1451 2075 VIII
1484 2036 1526 2074 et
1557 2032 1619 2074 IX

210 2109 397 2163 disputat
442 2109 626 2151 Brinker
673 2109 897 2164 (23—35),
944 2109 1215 2152 Morsbachio
1262 2110 1306 2151 in
1339 2125 1388 2152 eo
1421 2110 1617 2152 assentiri

208 2201 293 2228 non
323 2201 505 2241 possum,
538 2188 648 2241 quod
680 2186 740 2241 (p.
776 2189 818 2240 1)
850 2187 941 2229 haec
968 2188 1055 2243 ¹duo
1077 2188 1264 2228 carmina
1293 2187 1430 2239 „nullo
1451 2188 1619 2229 omnino

208 2263 327 2318 jure“
380 2278 456 2317 pro
502 2263 655 2318 spuriis
687 2263 837 2306 haberi
870 2263 1099 2320 contendit.
1162 2263 1419 2305 Ahrensium
1450 2267 1618 2305 secutus

208 2339 253 2381 id
281 2341 446 2380 tantum
479 2340 603 2381 credo
634 2355 711 2394 pro
733 2342 847 2382 certo
879 2340 1078 2381 affirmari
1100 2355 1220 2394 posse
1244 2340 1363 2395 idylli
1395 2331 1487 2382 IX:i
1524 2355 1618 2382 ver-

209 2403 278 2459 sus
313 2416 424 2458 1--6
457 2419 500 2458 et
531 2417 703 2459 28——36
737 2433 789 2459 ex
821 2417 958 2459 alieno
981 2418 1097 2459 fonte
1121 2418 1304 2460 fluxisse.
1367 2418 1617 2472 Ceteroquin

209 2494 254 2535 in
284 2494 422 2535 medio
454 2494 664 2549 relinquo,
687 2495 787 2550 quid
811 2495 861 2536 de
883 2495 968 2537 idd.
990 2492 1140 2536 VIII:0
1164 2497 1206 2535 et
1227 2493 1328 2537 IX:o
1350 2495 1619 2536 statuendum

210 2570 286 2622 sit;
334 2570 398 2612 cfr
443 2570 639 2613 Meineke
683 2569 749 2613 III
794 2571 874 2614 Ed.
907 2570 1053 2626 Suppl.
1087 2571 1198 2613 Adn.
1231 2573 1477 2613 476--480,
1541 2571 1619 2626 Pp.

211 2648 383 2690 45—-55
416 2647 599 2689 Brinker
630 2648 794 2690 efficere
826 2649 930 2701 vult,
962 2650 1009 2690 ut
1039 2649 1183 2703 spuria
1214 2649 1298 2690 sint
1330 2649 1414 2691 idd.
1446 2647 1549 2690 XXI
1578 2652 1621 2691 et

1457 2731 1475 2764 1
