2056 3176
936 259 1198 305 -124—

363 458 522 514 idylliis
552 457 755 501 bucolicis
787 457 1022 500 Homerum
1061 440 1202 513 potius
1233 459 1360 512 atque
1390 471 1523 500 suum'
1543 446 1677 512 ipsius
1707 452 1779 501 in-³

363 527 541 591 genium
582 536 773 578 secutum
819 534 1016 578 liberiore
1061 549 1184 577 usum
1224 548 1316 577 esse
1346 535 1552 578 ratione“.
1614 533 1663 577 P.
1698 533 1772 579 17:

368 610 567 663 „Constat
595 625 696 653 vero
727 611 903 666 spondei
933 611 979 652 in
998 610 1247 653 hexametro
1268 625 1388 652 usum
1411 626 1436 652 a
1458 611 1593 666 poetis
1615 610 1773 653 Graecis

361 689 601 742 temporum
631 702 825 730 successu
856 688 994 744 magis
1023 688 1246 744 magisque
1278 702 1369 729 esse
1401 687 1686 730 restrictum“.
1719 711 1773 730 —.

363 761 527 806 Vereor
555 765 699 806 tamen
729 777 783 806 ne
810 764 927 820 justo
955 763 1052 819 plus
1083 777 1136 806 ex
1165 761 1248 806 hac
1269 763 1552 819 spondeorum
1573 762 1775 819 frequen-

362 840 424 882 tia
454 840 683 896 conjecerit
725 841 879 883 Kunst.
942 840 1041 883 Jam
1071 855 1200 895 supra
1229 840 1344 882 enim
1374 840 1555 882 vidimus
1587 839 1775 882 carmina

361 914 580 960 Theocriti
626 916 748 973 epica
793 916 836 959 in
881 916 1004 959 hiatu
1049 916 1291 972 usurpando
1337 916 1390 959 ad
1429 915 1772 959 consuetudinem

363 993 540 1036 Homeri
585 993 758 1049 propius
805 994 1006 1036 accedere
1053 1008 1179 1048 quam
1211 995 1352 1035 cetera
1383 993 1549 1048 idyllia;
1589 995 1681 1034 tum
1712 995 1777 1035 est

362 1070 672 1114 observandum
709 1085 793 1114 non
839 1070 998 1124 deesse,
1035 1070 1109 1126 qui
1141 1070 1191 1113 de
1223 1069 1463 1126 frequentia
1494 1069 1774 1126 spondeorum

363 1147 476 1202 apud
506 1146 739 1190 Homerum
771 1146 1028 1190 exstantium
1060 1147 1325 1202 aliquantum
1356 1147 1606 1189 imminuere
1627 1146 1774 1200 velint,

362 1223 425 1267 ita
469 1224 642 1280 quidem
688 1226 736 1267 ut
779 1224 929 1281 longas
975 1224 1160 1281 syllabas
1193 1223 1478 1281 diphthongos
1509 1223 1772 1267 continentes

363 1301 408 1343 in
438 1301 561 1343 binas
591 1302 741 1343 breves
773 1302 987 1352 diducant,
1021 1316 1073 1343 ex
1105 1316 1188 1356 quo
1219 1302 1396 1343 fortasse
1428 1301 1679 1356 explicanda
1710 1303 1775 1342 est

362 1392 520 1435 magna
565 1377 820 1431 differentia,
869 1393 963 1433 quae
1005 1378 1230 1421 intercedit
1277 1379 1388 1420 inter
1417 1377 1586 1420 tabulas
1617 1377 1774 1420 Kunsti

363 1457 451 1510 (pp.
487 1455 678 1505 16—17)
710 1457 754 1497 et
783 1454 1124 1497 Alexandersoni
1156 1454 1356 1505 (Grekisk
1387 1454 1545 1496 Metrik
1568 1454 1772 1505 63—64),

362 1531 436 1574 ubi
467 1531 519 1574 de
550 1531 679 1574 variis
710 1531 947 1574 hexametri
979 1532 1127 1575 formis
1159 1532 1212 1574 ab
1241 1531 1428 1574 Homero
1448 1531 1493 1573 in
1516 1531 1651 1586 primo
1672 1528 1774 1573 Ilia-

365 1607 429 1650 dis
460 1609 646 1650 carmine
678 1608 893 1664 usurpatis
925 1609 1069 1665 agitur
1092 1609 1138 1663 ¹).
1200 1608 1379 1650 Accedit
1406 1608 1516 1663 quod
1541 1632 1592 1637 ——
1616 1610 1663 1649 ut
1683 1608 1774 1663 ipse

363 1685 505 1727 docuit
549 1684 691 1728 Kunst
738 1710 793 1716 —
835 1700 981 1729 versus
1013 1685 1231 1741 spondiaci
1262 1685 1307 1727 in
1338 1685 1447 1741 epici
1480 1685 1649 1742 generis
1681 1699 1774 1727 ear-

361 1761 547 1804 minibus
594 1762 926 1817 frequentissimi
972 1765 1082 1804 sunt..
1146 1762 1343 1804 Ceterum
1383 1763 1490 1804 mihi
1520 1762 1774 1817 persuadere

361 1852 447 1881 non
492 1852 662 1894 possum
708 1838 982 1881 Theocritum
1027 1839 1072 1881 in
1110 1839 1407 1894 componendis
1439 1839 1570 1894 epicis
1601 1838 1773 1894 idylliis‚

361 1929 543 1970 quorum
572 1916 778 1958 sermonis
808 1918 922 1958 totus
954 1916 1070 1958 color
1100 1915 1278 1957 Homeri
1309 1915 1492 1971 vestigia
1523 1915 1711 1957 consulto
1733 1916 1793 1971 et·

361 1992 451 2034 fere
497 1993 740 2035 constanter
785 1994 975 2034 secutum
1022 2007 1112 2034 esse
1158 1994 1327 2047 poetam
1375 1992 1545 2044 indicet,
1578 1991 1691 2047 quod
1722 1991 1775 2034 ad

362 2069 563 2112 metricas
585 2069 789 2111 attineret
809 2084 877 2111 res
899 2068 1013 2111 aliud
1035 2069 1114 2112 sibi
1137 2071 1354 2125 tamquam
1377 2069 1595 2124 exemplar
1611 2068 1664 2110 ad
1681 2068 1775 2110 imi-

359 2146 537 2189 tandum
567 2145 848 2202 proposuisse.
909 2144 1028 2188 Idem
1060 2146 1240 2201 denique
1261 2146 1445 2188 studium
1467 2145 1662 2188 imitandi
1686 2144 1776 2188 Ho-

360 2238 525 2266 merum
570 2223 614 2264 in
661 2223 983 2278 productionum
1029 2223 1284 2278 frequentia,
1331 2237 1425 2278 quae
1473 2225 1537 2264 est
1567 2223 1610 2264 in
1643 2222 1775 2276 epicis

361 2299 634 2352 carminibus,
681 2299 953 2355 conspicitur.
1014 2298 1171 2342 Verbis
1218 2298 1469 2352 Hermanni‚
1516 2313 1609 2355 quae
1657 2300 1774 2342 sunt:

367 2377 462 2430 „vix
492 2377 625 2419 ullum
658 2377 814 2419 certius
845 2377 1091 2436 recentioris
1133 2377 1272 2419 aetatis
1303 2380 1368 2418 est
1398 2377 1614 2428 indicium,
1647 2390 1775 2431 quam

359 2454 471 2510 quod
503 2468 525 2496 e
558 2454 706 2497 crebro
736 2452 889 2496 harum
917 2453 1228 2509 correptionum
1252 2467 1329 2496 usu
1351 2453 1645 2508 depromatur“
1671 2451 1775 2495 locis

359 2544 497 2585 nuper
542 2529 684 2572 allatis
706 2514 709 2518 ⁴
730 2544 813 2572 non
858 2531 1022 2571 tantam
1063 2530 1359 2572 auctoritatem
1389 2529 1576 2572 tribuere
1607 2514 1777 2570 videtur

507 2693 533 2741 ¹)
560 2694 624 2732 Cfr
646 2693 887 2732 Paulsonium
912 2693 1045 2732 Studia
1069 2693 1253 2733 Hesiodea
1276 2694 1305 2732 Ι.
1331 2694 1353 2732 3
1378 2695 1455 2732 not.
1484 2693 1502 2731 1
1528 2695 1568 2732 et
1592 2691 1743 2732 10—12.

363 380 584 438 magisque
629 379 827 423 versuum
878 380 1115 423 adfectasse
1165 379 1486 433 volubilitatem,
1538 379 1686 423 contra
1729 377 1777 423 iii
1808 419 1818 436 ‚
