2056 3176
0 2328 22 2533 :mammis-⁴0?
6 2286 9 2288 -
0 2235 5 2253 ··
15 2010 18 2013 Α
0 1956 2 1961 ’
0 1895 18 1926 .-²
7 1801 9 1803 -
3 1764 5 1767 ·

0 2746 9 2769 ,-
0 2727 11 2736 ¹
0 2538 31 2715 ἐξεφ-ψῃ

34 2715 41 2726 ,ψ
31 2663 52 2688 ,ζ’
31 2636 45 2649 '.
30 2535 52 2584 -μςς

0 724 77 770 ᾒῒῑ

0 822 52 870 kiza

0 866 41 888 spa

0 886 28 927 {sl

0 928 18 951 ,ὤ
42 935 45 937 ,

0 957 6 968 ἶ

818 226 1076 268 —101—

240 340 289 386 In
320 344 489 387 tabulis
508 343 862 389 Heracleensibus
892 344 1037 403 fimet
1068 346 1111 385 et
1143 341 1225 384 ἐστί
1256 357 1422 398 semper
1452 356 1471 383 ν
1499 357 1646 398 respu-

240 436 323 469 ere,
369 424 534 464 tantum
581 421 744 464 dativos
790 421 975 476 plurales
1012 435 1032 462 ν
1079 420 1291 463 attrahere
1338 436 1501 463 summa
1548 436 1649 463 vero

238 498 692 554 inconstantia,'quum
724 499 846 541 modo
876 501 974 541 ante
1007 513 1208 541 consonas
1240 499 1490 553 usurpatum
1522 498 1648 540 modo

233 566 335 617 'ante
366 575 532 618 vocales
563 576 764 618 omissum
794 576 862 626 sit,
894 575 1071 618 Meister
1102 575 1220 618 Stud.
1252 574 1327 617 IV.
1352 575 1439 618 413
1462 578 1526 617 est
1548 590 1648 617 auc-

237 654 317 694 tor.
380 652 453 694 Cfr
485 653 620 695 Cauer
657 652 880 705 „Delectus
912 652 1232 707 inscriptionum
1266 652 1533 694 Graecaruni“
1572 668 1643 706 pp.

240 728 397 771 7--17,
459 729 602 770 Etiam
619 728 667 770 in
688 728 822 770 titulis
852 729 1094 771 vetustioris
1117 729 1307 770 Atthidis
1328 744 1534 771 summam
1556 743 1647 770 esse

238 805 364 861 hujus
411 805 545 847 literae
591 805 919 847 inconstantiam
964 805 1148 847 ostendit
1195 805 1330 847 Cauer
1374 804 1491 847 Stud.
1523 803 1645 847 VIII.

239 882 485 924 292--294.
548 881 658 931 Quin
690 883 818 924 etiam
839 882 972 924 invito
995 885 1128 923 metro
1150 882 1215 923 bis
1237 882 1280 922 in
1303 882 1493 923 versibus
1515 881 1646 923 hexa-

237 958 384 1000 metris
416 958 561 1000 formis
592 956 834 1001 verbalibus
864 958 991 1000 affixa
1022 960 1097 1010 est,
1130 958 1190 1000 ita
1212 960 1259 1000 ut
1279 957 1543 1013 pronuntiari
1565 973 1646 1001 non

238 1035 383 1091 possit,
417 1035 459 1077 id
490 1035 600 1091 quod
633 1034 838 1077 Cauerum
874 1035 1061 1082 adduxit,
1085 1037 1132 1077 ut
1153 1035 1347 1077 omnibus
1369 1034 1521 1077 ceteris
1543 1050 1646 1090 quo-

238 1128 319 1167 que
350 1112 529 1166 triginta
558 1112 661 1154 locis
692 1126 711 1152 ν
744 1110 1027 1168 ἐφελκυστικόν
1049 1115 1145 1154 ante
1169 1127 1393 1154 consonam
1418 1115 1643 1154 attractum

238 1204 320 1232 non
366 1189 682 1245 pronuntiatum
729 1189 802 1231 sed
838 1189 1115 1244 lapicidarum
1147 1189 1423 1245 negligentiae
1455 1189 1645 1232 tribuen-

239 1268 337 1308 dum
384 1282 473 1308 esse
520 1269 739 1308 statueret.
802 1266 936 1315 Quam
984 1267 1237 1308 sententiam
1268 1267 1472 1307 refutanti
1504 1266 1642 1307 Maas-

237 1344 353 1386 senio
399 1343 559 1398 (Leipz.
607 1342 724 1385 Stud.
771 1341 846 1385 IV.
895 1342 1086 1397 {Sl—53)
1132 1344 1235 1398 quin
1266 1344 1473 1385 assentiar
1503 1344 1643 1385 facere

237 1434 321 1462 non
351 1435 532 1475 possum.
597 1420 765 1471 Contra,
798 1420 901 1475 quin
931 1420 1086 1475 ubique
1120 1422 1216 1461 ante
1249 1420 1414 1462 vocales
1438 1445 1490 1448 —
1514 1420 1643 1461 etiam

237 1497 309 1539 ubi
341 1512 423 1539 non
454 1498 655 1552 scriptum
689 1499 800 1539 esset
834 1522 884 1527 —
918 1498 1232 1552 pronuntiatum
1271 1498 1326 1539 sit
1364 1511 1382 1537 ν
1414 1498 1643 1553 paragogi—

237 1583 345 1628 cum,
377 1590 459 1617 non
492 1575 657 1617 dubitat
688 1574 835 1616 Cauer.
899 1574 1059 1617 Gelbke
1092 1574 1209 1617 Stud.
1240 1573 1296 1615 II.
1319 1575 1375 1617 34
1398 1575 1441 1616 in
1462 1575 1643 1629 inscrip-

236 1653 348 1694 tione
395 1652 625 1708 Tegeatica
672 1666 691 1692 ν
736 1652 1041 1708 paragogicum
1082 1652 1213 1693 semel
1245 1639 1432 1693 additum
1466 1649 1643 1704 (ἀναλώ-

237 1743 370 1785 μασιν,
404 1731 458 1785 μὴ
490 1745 528 1771 v.
561 1728 650 1783 43),
683 1729 813 1770 semel
843 1729 1086 1784 neglectum
1118 1743 1207 1770 esse
1241 1725 1417 1783 (ὑπᾶρχε
1448 1725 1483 1769 ὶν
1506 1744 1543 1771 v.
1568 1728 1642 1780 44)

235 1808 389 1849 monet.
452 1799 544 1847 His'
579 1806 707 1847 etiam
754 1806 1067 1847 adnumeranda
1098 1807 1196 1847 sunt
1228 1802 1260 1845 εἰ
1291 1818 1367 1845 ww
1398 1820 1464 1847 vv.
1499 1807 1539 1857 2,
1574 1806 1641 1856 10,

238 1884 322 1934 14,
353 1883 424 1924 ubi
465 1896 484 1922 ν
515 1885 725 1924 servatum
760 1884 823 1923 est
854 1882 911 1934 (v.
945 1883 999 1923 25
1032 1895 1051 1922 ν
1082 1882 1301 1936 particulae
1333 1895 1409 1921 καν
1442 1898 1466 1923 a
1497 1897 1643 1923 recen-

235 1959 412 2001 tioribus
444 1959 686 2000 restitutum
718 1960 811 2011 est),
845 1960 947 2012 τρισὶ
979 1956 1058 1998 ἀπὺ
1089 1974 1128 2000 v.
1163 1959 1187 2000 5
1221 1958 1373 1999 omisso
1404 1972 1423 1998 ν
1452 1960 1549 1999 ante
1573 1974 1643 2000 vo-

236 2036 385 2088 calem,
424 2041 511 2082 ταῖς
547 2033 728 2077 ἐσδόσεσι
765 2041 838 2077 τῶν
874 2051 913 2078 v.
954 2036 1007 2078 16
1044 2049 1063 2076 ν
1092 2037 1187 2077 ante
1220 2050 1446 2077 consonam
1477 2036 1641 2078 omisso.

236 2113 416 2169 Figuras
448 2128 541 2168 quae
573 2115 671 2154 sunt
700 2114 883 2166 κρίνωνσι
914 2112 959 2153 in
991 2113 1073 2153 fine
1105 2127 1249 2154 versus
1282 2114 1322 2164 5,
1353 2112 1571 2152 κελεὺωνσι
1602 2128 1641 2154 v.

238 2191 306 2241 15,
338 2189 608 2244 παρετάξωνσι
630 2190 685 2231 -in
715 2190 852 2231 fronte
884 2204 1029 2232 versus
1062 2191 1116 2231 28
1138 2204 1308 2244 prorsus
1329 2190 1490 2240 omitto,
1513 2204 1643 2244 quum

234 2280 297 2307 νσι
341 2266 584 2309 terminatio
629 2267 790 2321 pariter
827 2281 875 2308 ac
923 2266 1063 2308 dorica
1102 2280 1160 2306 ντι
1190 2266 1492 2322 paragogicum
1526 2280 1544 2306 ν
1576 2255 1643 2308 re-

235 2359 386 2399 spuere
407 2344 615 2387 videatur.
662 2344 735 2387 Cfr
757 2344 892 2386 Gauer
914 2344 1141 2385 'Delectus'
1167 2344 1411 2386 137—138.
1438 2368 1490 2373 —
1513 2344 1642 2386 Beer-

178 2456 181 2458 ,
234 2436 333 2463 man
365 2419 482 2463 Stud.
516 2419 592 2464 IX.
626 2421 680 2463 59
712 2435 731 2462 ν
754 2418 892 2477 egeam.
915 2421 1005 2463 sine
1027 2421 1114 2463 ulla¹
1136 2420 1372 2463 constantia
1393 2421 1514 2463 modo
1535 2435 1641 2476 neg-

234 2498 323 2554 legi
355 2498 480 2540 modo
512 2498 708 2553 usurpari
738 2498 783 2540 in
812 2498 949 2540 titulis
981 2498 1179 2540 boeoticis
1208 2498 1434 2548 contendit,
1467 2497 1643 2539 Meister

235 2576 377 2616 autem
408 2574 538 2616 Diall.
569 2573 603 2616 I.
639 2575 735 2627 125,
770 2575 854 2616 258
885 2574 930 2615 in
966 2574 1114 2622 titulis,
1141 2574 1341 2616 boeoticae
1375 2574 1545 2616 dialecti
1576 2589 1641 2616 so-

233 2650 334 2693 lutis
366 2664 385 2690 ν
416 2650 594 2693 inveniri
627 2665 797 2707 prorsus
828 2653 970 2709 negat.
1034 2650 1192 2694 Saltem
1229 2651 1273 2693 in
1305 2650 1356 2693 iis
1388 2650 1536 2701 titulis,
1569 2651 1642 2707 qui
