2056 3176
844 210 1074 253 ...91-

392 328 611 384 praeterita
641 327 890 371 Homerica:
1050 377 1053 379 ,

395 403 547 459 ἔσχεθε
579 419 617 446 v.
651 405 721 456 96,
754 401 954 459 ἀνέσχεθε
986 420 1026 447 v.
1060 406 1142 447 129
1175 404 1269 458 (Cfr
1298 404 1346 446 L.
1379 404 1528 460 Meyer
1559 405 1658 456 621,

254 483 380 533 1067,
414 481 529 523 Curt.
561 479 693 523 Verb.
727 479 782 522 II.
816 482 856 533 9,
881 481 949 532 10,
972 480 1091 535 367),
1114 480 1354 536 παρήλυθες
1373 496 1412 523 v.
1436 482 1506 533 85,
1527 479 1661 537 ἤλυθε

250 573 290 601 v.
339 558 423 601 183
470 556 596 608 (Vide
644 555 758 599 Curt.
800 556 828 599 l.
862 572 896 599 c.
934 559 1001 610 10,
1033 558 1134 610 369,
1165 558 1266 610 428,
1298 556 1348 600 G.
1379 557 1528 613 Meyer
1562 558 1658 610 112,

251 635 301 677 L.
332 632 480 689 Meyer
513 634 657 688 1089),
691 630 834 689 ὀρίνθη
865 649 903 677 v.
937 636 992 677 89
1025 634 1108 686 (cfr
1139 634 1255 677 Curt.
1289 634 1315 676 l.
1349 649 1384 677 c.
1418 635 1535 689 363).

391 711 630 752 Homericae
662 710 807 753 formae
840 713 938 752 sunt
968 712 1095 753 etiam
1127 713 1360 765 προσέειπεν
1391 727 1430 754 v.
1464 712 1533 763 53,
1561 725 1654 766 μετ-

251 784 379 828 έειπεν
424 802 463 829 v.
513 787 597 828 144
638 783 887 841 (,,μετεέιπεν
933 788 977 829 in
1016 788 1166 829 *eadem
1196 802 1342 830 versus
1372 788 1471 830 sede
1503 788 1657 843 saepius

250 864 361 918 apud
394 863 543 905 Hom.“
581 863 794 918 Rumpel).
881 919 883 921 Ι

390 939 600 992 Formam,
632 954 725 995 quae
758 942 821 981 est
853 938 968 980 ἔειπα
997 955 1036 982 v.
1072 941 1169 992 153,
1201 939 1279 982 hoc
1309 955 1392 982 uno
1413 940 1504 982 loco
1523 940 1658 995 scrip-

250 1017 305 1058 sit
335 1015 597 1058 Theocritus.-
659 1016 872 1059 Praeterea
904 1015 1020 1057 ἐἐιπα
1050 1016 1172 1058 Pind.
1203 1015 1260 1060 N.
1281 1015 1357 1058 IX.
1380 1019 1436 1060 33
1458 1019 1501 1058 et
1523 1015 1658 1057 ἔειπαν

249 1093 352 1136 Hes.
396 1092 474 1135 Th.
523 1094 579 1135 24
618 1093 778 1149 scripta
810 1095 977 1136 exstare
1009 1093 1188 1136 Kiihner
1219 1091 1253 1136 I.
1287 1093 1370 1136 817
1404 1096 1550 1136 auctor
1580 1095 1657 1137 est.

248 1169 520 1224 Apollonium
550 1169 761 1212 Rhodium
793 1168 871 1213 III.
907 1171 1018 1213 1105
1052 1169 1191 1216 ἔειπας
1220 1170 1439 1225 scripsisse
1471 1170 1607 1213 video.

389 1245 442 1287 V.
491 1246 547 1287 44
594 1246 713 1287 nobis
759 1238 941 1287 occurrit
987 1244 1178 1302 ἐνήμενος
1223 1246 1358 1288 forma
1386 1246 1506 1288 verbi
1536 1246 1657 1288 valde

247 1322 481 1365 insolentis,
542 1321 706 1364 Praeter
735 1322 847 1365 hunc
877 1323 1015 1365 locum
1046 1323 1138 1365 duae
1170 1325 1350 1375 tantum,
1381 1323 1492 1378 quod
1512 1323 1657 1374 sciam,

247 1399 292 1440 in
322 1398 459 1440 literis
491 1399 643 1454 graecis
675 1399 946 1442 inveniuntur
976 1399 1101 1454 hujus
1133 1399 1252 1442 verbi
1273 1399 1441 1442 formae:
1474 1397 1657 1454 ὲνήμεθα

247 1473 373 1517 Hom.
407 1473 484 1517 Od.
517 1474 590 1517 IV.
625 1475 724 1528 272,
756 1473 938 1531 ὲνήμενοι
969 1475 1070 1518 Eur.
1103 1475 1285 1518 Philoct.
1317 1476 1472 1531 fragm.
1507 1477 1605 1519 793.
1631 1477 1653 1518 1

248 1551 377 1606 (apud
409 1550 682 1606 Nauckium).

388 1628 534 1683 Epicae
567 1628 712 1670 formae
744 1629 864 1670 verbi
897 1625 978 1684 εἰμί
1010 1628 1144 1684 (Curt.
1182 1627 1307 1670 Verb.
1341 1626 1374 1670 I.
1408 1629 1477 1678 49,
1512 1629 1654 1671 150-

249 1706 346 1757 152,
381 1705 626 1757 176-177,
659 1704 714 1747 II.
749 1707 819 1758 42,
855 1707 951 1756 113,
986 1707 1083 1758 135,
1117 1705 1164 1748 G.
1199 1705 1347 1761 Meyer
1377 1707 1478 1758 406,
1510 1706 1652 1749 431-

246 1781 369 1832 433):
403 1796 468 1837 ep.
503 1784 546 1824 et
577 1781 770 1837 Syracus.
804 1780 891 1823 ἐσσί
921 1797 960 1824 v.
994 1783 1072 1833 54;
1106 1779 1179 1823 ἐών
1210 1797 1276 1825 vv.
1312 1782 1380 1835 69,
1416 1783 1512 1833 153,
1542 1779 1655 1822 ἐόντα

245 1872 286 1900 v.
319 1859 388 1909 97,
421 1856 560 1899 ἐόντων
592 1874 631 1901 v.
667 1859 714 1910 6;
746 1856 816 1914 ἦεν
848 1874 887 1901 v.
922 1854 1036 1901 1304

388 1935 453 1977 De
499 1936 740 1991 imperfecti
785 1936 921 1978 forma
965 1934 991 1992 ἡ
1039 1952 1078 1979 v.
1112 1936 1165 1979 75
1197 1937 1292 1978 vide
1324 1936 1374 1979 L.
1406 1935 1553 1992 Meyer
1585 1936 1654 1989 73,

247 2011 346 2063 911,
394 2011 508 2054 Cui-t.
551 2011 669 2054 Stud.
708 2011 784 2055 IV.
818 2013 916 2064 208,
949 2012 1131 2055 Grundz.
1165 2013 1262 2064 289,
1296 2014 1393 2062 399,
1427 2012 1476 2055 G.
1508 2012 1655 2067 Meyer

247 2088 346 2139 271,
388 2089 486 2140 295,
527 2089 773 2132 433—434.
837 2088 1006 2131 Curtius
1038 2090 1161 2131 docet
1191 2090 1378 2131 radicem
1407 2089 1526 2131 verbi
1557 2085 1652 2144 ἠ-μί

247 2179 336 2207 esse
384 2162 441 2220 ἀχ
487 2168 561 2219 (--=
593 2166 667 2208 lat.
708 2181 773 2221 ay,
814 2167 958 2222 αρ-ἱ-ο,
999 2167 1098 2222 ajo),
1147 2167 1258 2222 quod
1289 2181 1385 2209 eum
1411 2167 1506 2222 jure
1539 2166 1651 2208 affir-
1685 2215 1694 2221 ⁴

244 2256 381 2284 masse
413 2257 536 2285 nemo
566 2245 771 2299 quantum
801 2243 888 2285 scio
918 2243 1106 2299 negavit.
1168 2242 1286 2293 Quod
1318 2245 1459 2285 autem
1480 2245 1654 2285 conten-

246 2318 308 2359 dit
339 2318 508 2361 Curtius
538 2319 779 2374 imperfecti
810 2320 988 2362 formam
1019 2317 1045 2375 ἧ
1077 2335 1206 2374 supra
1237 2320 1410 2362 allatam
1442 2321 1502 2362 ita
1523 2320 1653 2361 exsti-

245 2394 360 2443 tisse,
392 2398 439 2437 ut
470 2396 623 2438 radicis
665 2411 693 2452 χ
734 2397 1040 2449 extruderetur,
1073 2396 1337 2439 adversarius
1369 2397 1459 2452 ejus
1491 2396 1655 2438 exstitit

246 2470 295 2513 G.
327 2471 489 2527 Meyer,
521 2473 594 2528 qui
625 2470 650 2528 ἧ
673 2488 724 2515 ex
745 2471 923 2529 ἧχτ-ἡκτ
942 2488 1021 2529 per
1048 2474 1286 2530 analogiam
1309 2475 1454 2517 formae
1477 2479 1530 2530 φῆ
1552 2488 1654 2529 pro-

244 2547 403 2590 fectum
435 2563 526 2592 esse
558 2550 784 2593 contendit.

373 3149 471 3176 im
529 3152 609 3176 ’’’’’’
