2056 3176
333 0 392 23 ·ssoe‘:
406 8 409 10 -
410 0 589 23 ‘‘‘‘‘‘‘‘‘‘

290 21 308 35 .,
335 22 350 32 ,,

896 267 949 275 b,
984 242 1126 288 19-

301 364 470 422 linquit.
534 362 582 409 G.
630 364 804 421 Meyero
851 365 935 407 397
984 365 1161 407 obscura
1207 348 1375 408 videtur
1420 363 1532 408 vocis
1579 363 1712 422 origo.

301 443 551 499 Brugmann
598 442 747 498 Vergl.
794 442 937 485 Gram.
984 441 1039 484 II.
1090 443 1187 494 141,
1234 442 1361 485 Anni.
1405 443 1497 485 fieri
1527 444 1713 498 potuisse

304 521 554 576 suspicatur,
599 522 646 561 ut
678 520 763 562 dor.
797 525 935 575 τῆνο-ς
966 521 1038 561 aut
1070 534 1121 561 ex
1154 533 1347 573 teg-evo<
1377 522 1567 562 oreretur
1597 521 1736 575 (conr

302 600 388 639 stat
420 612 481 637 ε-ε
516 597 627 651 apud
658 596 885 638 Dorienses
917 597 961 637 in
992 610 1018 651 η
1052 597 1303 647 coalescere)
1338 600 1380 638 et
1411 598 1463 638 ad
1497 603 1554 637 τεῖ
1575 598 1714 644 (adul-

301 674 439 716 terina
486 673 718 729 diphtongo
764 674 1005 729 praeditum)
1052 676 1321 716 revocaretur
1367 674 1501 729 (velut
1519 672 1715 720 -ὲκεῖνο-ς

303 752 391 794 dor.
438 757 582 807 κῆνο-ς
628 752 679 792 eit
723 748 991 804 (e)zeg-svo-;‚
1026 748 1129 801 ἐκεῖ)
1162 753 1234 792 aut
1266 752 1318 793 ad
1349 752 1713 793 instrumentalem

303 828 375 882 qui
422 830 485 869 est
533 833 579 883 τῇ
626 817 911 880 reduceretur,
944 842 996 869 ex
1027 843 1109 882 quo
1142 828 1284 870 addito
1316 829 1463 870 suffixo
1494 842 1560 869 -νο
1591 844 1713 883 repe-

302 906 463 946 teretur
494 909 665 959 τῆ-νο-ς.
729 903 880 946 Alieno
912 906 1053 945 autem
1080 905 1241 959 judicio
1273 906 1549 959 quaestionem
1582 906 1713 946 relin-

303 996 431 1036 quere
477 980 581 1023 mihi
628 981 795 1023 videtur
840 981 1015 1037 Brugm.
1064 982 1217 1023 additis
1260 981 1325 1024 his
1358 982 1519 1025 verbis:
1570 982 1714 1034 „Frei-
1781 980 1785 985 ’

302 1058 388 1099 lich
419 1059 581 1119 kommt
612 1073 684 1100 eno
715 1059 758 1099 in
790 1059 927 1100 dieser
957 1058 1102 1100 Weise
1135 1060 1197 1100 als
1230 1058 1567 1101 Secund5rsuffix
1599 1063 1715 1101 sonst

303 1135 424 1177 nicht
453 1136 570 1179 vor“.

444 1212 551 1253 Rad.
598 1225 679 1268 χρη
725 1212 937 1264 invenitur
983 1213 1027 1253 in
1059 1214 1244 1267 χρῄζοντι
1282 1228 1320 1254 v.
1355 1214 1424 1265 28,
1456 1216 1538 1269 χρή
1571 1229 1609 1255 v.
1642 1214 1712 1265 45,

307 1288 587 1344 διαχρησεῐται
628 1305 666 1331 v.
700 1290 769 1340 54,
802 1290 998 1344 χρησμώς
1027 1306 1065 1331 v.
1101 1290 1168 1341 63,
1201 1296 1363 1345 χρηπῶ
1394 1306 1434 1332 v.
1470 1292 1537 1342 75,
1570 1297 1713 1346 χρῆμα

303 1380 370 1408 vv.
404 1367 473 1418 23,
508 1366 577 1418 83,
610 1363 786 1422 (xpnpf),
823 1367 927 1417 1453

304 1442 386 1497 πλη
417 1443 600 1483 radicem
633 1444 798 1496 praebet
830 1441 1007 1498 ἄπληστε
1039 1459 1077 1484 v.
1112 1445 1180 1484 30.

445 1508 588 1575 Vulgo
633 1521 888 1575 putaverunt
932 1519 1171 1574 hujusmodi
1219 1520 1381 1562 radices
1412 1536 1464 1562 ne
1497 1510 1539 1562 ih
1572 1536 1713 1577 graeca

305 1595 475 1649 quidem
520 1596 668 1650 lingua
713 1596 988 1651 primigenias
1034 1597 1164 1637 fuisse
1210 1597 1283 1649 sed
1314 1597 1553 1648 metathesi,
1586 1613 1713 1651 quam

306 1674 471 1725 vocant,
517 1656 559 1715 et
600 1674 874 1728 productione
921 1674 1180 1729 suppletoria
1227 1690 1251 1716 a
1298 1675 1509 1725 radicibus
1541 1676 1713 1717 brevem

305 1750 495 1797 vocalem
541 1750 652 1791 inter
701 1750 957 1805 explosivam
1011 1753 1053 1791 et
1098 1753 1318 1792 sonantem
1350 1751 1590 1793 tenentibus
1623 1751 1711 1794 πελ,

305 1840 380 1881 χερ
412 1829 491 1869 etc.
524 1830 637 1869 ortas
669 1842 771 1869 esse.
835 1827 968 1876 Quam
1000 1828 1251 1869 sententiam
1285 1829 1492 1882 copiosius
1522 1829 1715 1883 exposuit

305 1901 573 1960 Siegismund
605 1903 720 1946 Curt.
753 1903 870 1946 Stud.
901 1903 953 1946 V.
994 1904 1238 1947 195—207.
1303 1904 1376 1946 Cfr
1397 1904 1572 1961 Brugm.
1598 1905 1712 1947 Curt.

306 1980 423 2023 Stud.
454 1980 529 2022 IV.
563 1983 646 2023 113
666 1984 767 2031 not.,
790 1982 965 2023 Meister
985 1982 1013 2023 1.
1037 1997 1072 2022 c.
1097 1983 1166 2031 68,
1190 1982 1305 2024 Curt.
1328 1982 1510 2023 Grundz.
1535 1985 1588 2023 52
1612 1997 1713 2036 seq.,

308 2056 625 2113 175,(⁴{³v-·{v⁷2)‚
650 2058 732 2100 739
758 2056 958 2110 „Nachtr.
980 2073 1030 2100 zu
1052 2073 1084 2100 s.
1109 2058 1216 2100 199“
1245 2060 1473 2114 (χερ-χρη).
1508 2057 1587 2100 His
1609 2074 1714 2114 quo-

305 2148 386 2188 que
419 2133 629 2176 radicibus
661 2135 961 2191 primigenium
995 2148 1021 2173 α
1054 2135 1239 2176 vindicat
1270 2134 1481 2176 Schrader
1510 2136 1538 2177 l.
1570 2150 1605 2177 c.
1630 2137 1713 2178 322

308 2212 465 2254 -325,
527 2211 575 2254 Gr.
608 2204 755 2267 Meyer
787 2214 927 2254 autem
958 2213 1014 2254 40
1046 2215 1131 2254 not.
1167 2213 1286 2254 docet
1307 2212 1561 2254 metathesin
1584 2213 1714 2265 illam,

306 2288 341 2329 si
372 2288 541 2330 omnino
573 2289 796 2331 statuenda
828 2289 895 2341 sit,
928 2290 972 2330 in
1003 2289 1215 2344 plerisque
1238 2288 1480 2344 hujusmodi
1502 2290 1715 2332 radicibus

301 2366 393 2420 jam
423 2365 468 2406 in
498 2365 646 2421 lingua
676 2366 970 2420 indoeuropaea
1002 2366 1157 2407 factam
1191 2381 1294 2417 esse,
1327 2366 1368 2407 id
1401 2367 1509 2420 quod
1544 2367 1594 2408 de
1625 2368 1713 2409 rad.

306 2440 387 2496 πλη
433 2456 510 2496 pro
556 2444 671 2483 certo
717 2442 926 2483 affirmant
972 2444 1015 2483 et
1060 2441 1108 2483 G,
1148 2442 1295 2496 Meyer
1334 2442 1362 2483 l.
1396 2457 1430 2483 c.
1465 2445 1507 2483 et
1538 2442 1714 2498 Brugm.

305 2516 454 2573 Vergl.
488 2517 630 2560 Gram.
664 2516 698 2560 I.
732 2519 800 2560 62.
863 2517 997 2567 Quum
1022 2533 1121 2560 vero
1144 2518 1412 2559 difficultates
1434 2534 1517 2560 non
1539 2519 1714 2574 exiguas

307 2595 497 2648 praebeat
542 2594 616 2635 illa
664 2595 903 2652 explicandi
949 2595 1070 2645 ratio,
1118 2595 1245 2635 aliam
1289 2596 1507 2649 proposuit
1538 2595 1713 2651 Brugm.

306 2669 516 2726 Morphol.
549 2669 806 2714 Untersuch.
839 2669 872 2713 Ι.
908 2672 928 2713 1
964 2686 1103 2727 seqq.:
1146 2684 1171 2727 η
1203 2686 1279 2726 pro
1311 2671 1458 2713 suffixo
1486 2670 1619 2714 habet
1650 2671 1716 2713 in-
