2056 3176
0 1244 38 1301 ᾗῇ

15 1416 59 1507 Qffl·
29 1374 50 1402 ἐκ
31 1296 58 1352 ÷·..;.·
42 1262 56 1283 ς.

61 1398 74 1418 ,·
60 1363 79 1374 ᾖ,
67 1307 85 1317 Ἰ.
57 1279 61 1281 ’
64 1188 79 1216 *.⁴·
65 1133 84 1164 ἡ,
83 1067 85 1069 .

0 1501 31 1569 ᾧ

0 1621 32 1641 ἒ,
19 1598 28 1604 .,

29 1583 52 1633 ..ς’ὶηι,
33 1522 48 1537 »ξ

66 1672 68 1674 ⁴
63 1639 73 1645 ι
49 1579 72 1609 ’.ἥν-
56 1555 58 1557 ’
55 1511 65 1519 »ς

817 0 851 11 ⁷³*
867 0 933 20 “v-11³?
946 0 1097 25 mnam
1119 2 1125 11 ⁵
1185 7 1188 8 ν

960 23 1001 36 Ἧι,
1034 21 1046 32 ·.

821 213 1082 255 —125-

196 311 197 314 Ἴ
246 333 389 389 Kunst
433 334 636 388 quantam
681 346 723 386 p.
771 332 841 383 64,
887 331 960 373 ubi
1005 323 1097 386 ipse
1144 344 1194 372 ea
1233 329 1436 373 laudavit.
1495 329 1656 372 Videa-

246 425 340 455 mus
363 410 397 465 ¹)
430 424 525 466 quae
556 409 602 451 in
632 408 876 452 universum
906 408 1018 463 apud
1049 406 1317 451 Theocritum
1341 407 1397 450 sit
1416 407 1526 450 ratio
1545 407 1658 450 inter

247 487 568 544 productionum
596 487 639 528 et
660 486 982 541 correptionum,
1006 485 1056 527 dc
1078 484 1230 540 quibus
1253 485 1337 540 egi,
1359 484 1655 540 frequentiam.

247 564 383 614 Quum
417 565 586 606 brevem
617 563 806 605 vocalem
837 563 1006 604 finalem
1038 562 1197 616 excipit
1223 562 1473 604 vocabulum
1494 577 1519 604 a
1539 566 1657 605 muta

249 655 345 683 cum
389 640 462 695 liq.
509 639 729 695 incipiens,
770 639 814 681 in
845 637 956 681 thesi
987 638 1283 697 productiones
1315 637 1537 682 exhibent:
1570 639 1655 682 idd.

249 717 345 758 buc.
393 717 462 767 55,
509 716 595 757 idd.
642 715 758 756 mim.
807 715 876 766 19,
907 715 991 755 idd.
1025 729 1091 769 ep.
1126 715 1201 765 723
1232 715 1278 755 in
1309 715 1411 756 arsi:
1443 715 1528 756 idd.
1565 716 1656 758 buc.

249 793 290 845 4,
322 793 408 835 idd.
440 792 555 834 mim.
588 794 628 844 5,
661 792 745 833 idd.
770 806 836 846 ep.
861 793 906 842 2;
940 791 1226 846 correptiones
1247 791 1291 833 in
1314 791 1420 834 arsi:
1452 792 1537 835 idd.
1561 793 1655 835 buc.

249 870 321 922 47,
353 869 438 912 idd.
471 868 585 910 mim.
619 869 688 920 27,
721 868 806 910 idd.
839 881 907 922 ep.
939 868 1008 909 84.
1044 891 1098 895 -
1131 867 1284 909 Mediis
1315 868 1360 909 in
1390 869 1563 911 vocibus
1593 869 1656 910 le-

250 948 409 1002 guntur
453 945 750 1000 productiones
796 944 839 986 in
870 944 1001 987 thesi:
1048 945 1132 986 idd.
1165 945 1259 987 buc.
1294 946 1391 997 133,
1423 945 1508 988 idd.
1539 947 1655 989 mim.

251 1023 321 1075 81,
369 1022 454 1065 idd.
502 1036 567 1078 ep.
602 1021 705 1072 265;
753 1020 798 1062 in
829 1020 932 1063 arsi:
972 1020 1058 1063 idd.
1090 1021 1185 1064 buc.
1218 1021 1288 1073 31,
1320 1020 1404 1063 idd.
1437 1021 1552 1086 mim.
1589 1023 1656 1076 11,

249 1101 334 1142 idd.
368 1115 434 1154 ep.
469 1101 546 1150 63;
579 1099 864 1153 correptiones
895 1099 939 1139 in
970 1098 1076 1140 arsi:
1109 1098 1194 1140 idd.
1222 1099 1316 1141 buc.
1340 1100 1411 1150 40,
1434 1099 1518 1142 idd.
1540 1100 1656 1143 mim.

250 1177 321 1230 46,
353 1176 438 1219 idd.
473 1190 538 1231 ep.
573 1177 642 1218 80.
705 1172 756 1216 In
787 1189 951 1217 summa
981 1174 1115 1231 igitur
1145 1174 1417 1217 inveniuntur

338 1255 383 1295 in
414 1254 499 1296 idd.
533 1253 667 1295 bucol.
701 1254 785 1295 223
817 1253 1130 1307 productiones:
1164 1253 1217 1295 87
1281 1254 1582 1309 correptiones,

356 1365 372 1383 ‚,
450 1364 465 1382 „
531 1329 648 1372 mim.
702 1329 786 1371 116
965 1363 981 1381 „
1121 1343 1131 1372 ε
1167 1329 1220 1371 73
1415 1364 1431 1383 „
1571 1364 1581 1383 ,

356 1441 372 1459 „
449 1441 465 1459 „
531 1422 596 1461 ep.
702 1407 787 1448 402
966 1440 982 1458 „
1122 1421 1132 1448 ε
1168 1407 1251 1448 164
1415 1441 1431 1459 ,,
1571 1441 1580 1457 ,

251 1484 403 1540 quibus
434 1483 619 1525 numeris
652 1483 704 1525 ad
735 1483 1058 1525 centesimarum
1089 1483 1296 1525 rationem
1317 1484 1524 1526 revocatis
1546 1483 1655 1527 hanc

251 1562 416 1616 praebet
445 1546 604 1602 tabella
633 1560 837 1614 speciem:

1170 1666 1462 1722 Correptiones

483 1779 672 1821 bucolica
1163 1836 1165 1838 -
1252 1781 1306 1821 28
1328 1779 1378 1831 ⁰lo

482 1897 651 1939 mimica
1255 1899 1310 1940 39
1332 1898 1381 1948 ⁰lo

483 2016 605 2070 epica
989 2037 999 2068 ,ι
1256 2017 1311 2059 29
1332 2016 1382 2068 ⁰lo

395 2120 473 2172 Qui
521 2123 685 2164 numeri
731 2123 766 2164 si
814 2126 1112 2178 comparantur
1155 2138 1250 2165 cum
1281 2123 1438 2165 tabulis
1470 2123 1524 2166 ab
1558 2122 1660 2165 Hei-

253 2213 369 2241 mero
400 2198 565 2248 (Studia
594 2199 819 2241 Pindarica
853 2200 951 2250 104)
975 2200 1210 2254 descriptis,
1233 2203 1411 2254 apparet
1431 2200 1660 2242 Pindarum

257 2299 310 2304 —
341 2275 415 2330 qui
461 2275 652 2318 ducentis
698 2278 741 2318 et
784 2275 963 2331 triginta
1009 2275 1097 2318 fere
1144 2275 1265 2318 annis
1312 2278 1409 2319 ante
1446 2275 1661 2319 Theocriti

255 2355 424 2394 aetatem
462 2353 650 2395 carmina
681 2354 928 2407 conscripsit
960 2378 1012 2382 —
1052 2355 1220 2395 omnino
1258 2354 1412 2408 saepius
1443 2354 1660 2395 admisisse

255 2429 551 2484 correptiones,
583 2445 710 2485 quam
741 2430 845 2472 fecit
875 2429 1125 2472 Theocritus
1155 2430 1200 2472 in
1221 2430 1478 2473 carminibus
1501 2430 1662 2474 bucoli—

345 2561 348 2563 .
401 2527 427 2573 ¹)
453 2528 637 2570 Numeris,
674 2540 765 2574 quos
801 2529 964 2569 afferam.
1002 2528 1117 2565 etiam
1154 2540 1198 2565 ea
1228 2541 1348 2575 pauca
1373 2529 1543 2575 exempla
1567 2540 1663 2565 com-

252 2586 407 2631 plectar,
433 2599 515 2632 quae
540 2588 579 2623 in
603 2589 879 2634 perscrutandis
909 2589 986 2629 XV,
1012 2589 1143 2630 XVIII,
1170 2589 1283 2629 XVII,
1309 2589 1412 2623 XXII
1437 2588 1662 2624 carminibus

223 2664 230 2671 ·
254 2644 382 2681 omisit
405 2645 537 2682 Kunst.
