2056 3176
389 372 501 429 quod
546 375 777 417 tractamus
817 375 861 416 et
888 376 1153 430 argumento
1184 376 1227 417 et
1258 374 1538 422 elocutione“.

389 450 453 492 ler
485 452 586 494 220.

1604 375 1678 420 Cfr
1707 377 1805 437 Hil-

531 526 702 585 Ziegler
742 528 787 570 in
817 515 1069 584 praefati'one
1103 528 1298 572 editionis
1330 527 1388 573 ῙΙ.
1421 545 1458 573 a.
1495 530 1606 574 1867
1640 531 1834 577 emissae.

389 604 471 647 sibi
501 605 671 648 videtur
702 605 912 648 affirmare
949 620 1070 660 posse
1109 608 1385 661 „apparatum
1416 621 1460 650 se
1494 608 1714 664 collegisse
1745 609 1806 652 ita
1860 618 1862 621 ’

389 685 693 738 comparatum,
741 684 788 725 ut
833 683 878 724 in
924 697 973 724 eo
1019 681 1273 738 Syracusani
1306 686 1442 738 poetae
1476 685 1602 726 amici
1633 686 1806 728 tandem

389 759 616 814 aliquando
663 759 931 815 acquiescere
979 761 1193 814 possent“.
1256 759 1426 802 Ahrens
1472 761 1517 802 in
1557 753 1812 816 praefatione⁴

388 835 585 878 editionis
631 850 717 878 suae
765 852 803 878 a.
856 837 966 878 1855
1014 836 1178 878 emissae
1210 851 1288 879 nec
1319 852 1457 892 pauca
1487 851 1565 880 nec
1597 853 1730 893 parva
1761 838 1807 881 in

388 911 574 968 Ziegleri
605 912 809 954 librorum
841 912 1085 955 collationes
1117 913 1430 955 animadvertit.
1493 913 1598 956 Haec
1629 929 1729 956 vero
1752 915 1806 957 ad

387 989 569 1043 primam
614 988 799 1045 Ziegleri
847 989 1075 1031 editionem
1120 1005 1157 1032 a.
1204 990 1317 1032 1844
1350 990 1546 1032 emissam
1577 991 1805 1045 pertinent,

388 1080 519 1120 quare
561 1065 810 1108 concludere
850 1066 951 1108 licet
990 1065 1232 1121 Zieglerum
1264 1066 1308 1107 in
1340 1064 1383 1107 II
1416 1065 1600 1108 editione
1632 1081 1683 1109 ea
1714 1082 1805 1109 cor-

388 1143 562 1195 rexisse,
595 1158 689 1198 quae
721 1143 765 1184 in
801 1143 940 1198 prima
963 1144 1058 1198 jure
1080 1143 1355 1198 reprehendit
1375 1129 1559 1186 Ahrens.
1621 1142 1717 1198 Ipse
1739 1144 1805 1186 af-

389 1220 531 1262 firmat
562 1219 899 1277 Zieglerneque
931 1220 1113 1275 tempori
1145 1234 1282 1275 neque
1314 1220 1449 1263 labori
1481 1235 1525 1262 se
1547 1221 1801 1276 pepercisse,

388 1299 436 1339 ut
457 1297 597 1339 omnia
629 1297 798 1353 integra
818 1298 1042 1352 praeberet.
1106 1295 1157 1339 In
1178 1288 1361 1339 secundo
1388 1312 1463 1339 suo
1483 1297 1635 1339 itinere
1658 1295 1806 1340 Italico

388 1373 528 1428 (annis
563 1373 872 1428 1864—1865)
898 1389 1039 1416 secum
1062 1373 1213 1417 habuit
1233 1374 1413 1429 primam
1436 1387 1553 1416 suam
1577 1374 1802 1416 editionem

389 1453 432 1491 et
477 1452 642 1504 partem
688 1449 983 1493 Ahrensianae.
1045 1449 1234 1492 Tertiam
1282 1450 1508 1492 editionem
1556 1449 1725 1505 Ziegler
1762 1465 1800 1492 a.

391 1526 503 1569 1879
536 1526 677 1568 emisit
707 1541 843 1582 neque
883 1542 983 1569 vero
1015 1527 1068 1568 ad
1100 1541 1195 1568 eam
1226 1541 1355 1569 novas
1388 1526 1580 1568 codicum
1612 1526 1801 1568 collatio-

387 1617 462 1644 nes
493 1603 690 1645 instituit.
759 1603 873 1655 „Qua
904 1603 948 1644 in
979 1618 1024 1645 re
1055 1606 1212 1658 praeter
1233 1602 1457 1645 Fritzschii
1481 1602 1683 1645 editiones
1703 1616 1801 1657 per-

388 1682 517 1735 petuo
564 1680 756 1722 consului
788 1682 914 1735 atque
955 1681 999 1721 in
1031 1695 1151 1722 usum
1184 1695 1322 1722 meum
1356 1679 1546 1722 converti
1577 1693 1670 1734 quae
1703 1679 1800 1720 inde

389 1757 442 1800 ab
474 1757 547 1799 illo
577 1759 767 1812 tempore
780 1747 955 1808 φ’(1867)
997 1757 1078 1800 viri
1111 1757 1223 1799 docti
1254 1757 1298 1799 in
1329 1756 1457 1799 variis
1490 1755 1800 1811 philologorum

388 1834 624 1886 annalibus,
657 1834 700 1875 in
731 1835 1072 1890 programmatiS,
1114 1835 1158 1876 in
1191 1833 1554 1876 dissertationibus
1586 1832 1654 1874 vel
1684 1846 1803 1887 quae-

387 1911 593 1953 stionibus
632 1911 720 1953 sive
753 1912 803 1952 de
837 1911 1017 1953 dialecto
1048 1913 1185 1966 poetae
1217 1911 1305 1953 sive
1339 1912 1389 1952 de
1422 1910 1655 1952 carminum
1687 1923 1801 1950 com-

387 1987 592 2043 positione
615 1987 703 2029 sive
725 1987 776 2029 de
798 1987 977 2044 singulis
998 1987 1099 2029 locis
1122 1988 1464 2043 disputaverant“
1502 1985 1655 2041 (Ziegl.
1678 1983 1798 2039 praef.

388 2064 585 2106 editionis
617 2062 713 2118 III).

530 2140 680 2183 Libros
726 2141 836 2195 quod
884 2140 1049 2193 attinet,
1081 2126 1253 2197 Ziegler
1297 2140 1338 2182 in
1372 2140 1428 2182 id.
1461 2138 1541 2181 XV
1573 2138 1680 2180 solos
1711 2138 1799 2178 fere

360 2217 582 2259 -adhibuit
613 2232 668 2259 m.
702 2236 756 2251 =
789 2216 1042 2259 Vaticanum
1077 2219 1161 2259 915
1195 2217 1278 2271 (vv.
1314 2216 1536 2270 ‘ll—fin),
1565 2230 1607 2269 p.
1631 2233 1686 2248 =
1707 2212 1800 2255 Me-

387 2294 554 2336 diceum
589 2295 657 2345 30,
690 2294 731 2336 k.
767 2313 821 2328 =
854 2293 1184 2336 Ambrosianum
1206 2295 1306 2346 222,
1330 2308 1366 2336 e.
1391 2311 1445 2328 =
1466 2291 1723 2335 Vaticanum
1743 2290 1798 2331 42

386 2370 472 2425 (vv.
498 2371 672 2421 1—70).
705 2369 824 2426 Sigla
846 2370 1057 2419 Gaisfordi
1078 2371 1147 2414 vel
1168 2370 1350 2413 Dorv'illi
1366 2370 1448 2421 (cfr
1463 2369 1584 2424 praef.
1603 2366 1799 2410 editionis

386 2447 686 2502 Ahrensianae)
716 2447 885 2490 omnino
907 2448 1069 2503 recepit
1089 2447 1271 2504 Ziegler.
1305 2446 1355 2489 In
1375 2446 1497 2489 libris
1520 2461 1545 2487 a.
1562 2442 1799 2488 Gaisfordio

386 2525 553 2567 omissis
575 2524 846 2566 Ahrensiana
868 2527 1044 2580 usurpat
1065 2525 1176 2581 sigla
1199 2523 1350 2580 (Ziegl.
1375 2522 1501 2565 Praef.
1525 2513 1720 2564 editionis
1741 2517 1798 2562 II.

385 2617 427 2657 p.
451 2600 531 2654 III,
554 2604 640 2644 not.
663 2601 721 2655 2).
768 2601 897 2657 Apud
919 2601 1177 2643 Ahrensium
1200 2601 1291 2642 cod.
1314 2616 1370 2642 m.
1393 2613 1568 2641 numero
1590 2598 1631 2649 9,
1654 2597 1742 2639 cod.
1761 2610 1798 2638 e.

385 2692 562 2721 numero
593 2678 619 2720 5
651 2677 846 2733 inscripti
877 2680 986 2720 sunt.
1050 2676 1100 2720 In
1137 2677 1342 2720 librorum
1372 2675 1510 2724 indice
1541 2673 1688 2730 idyllio
1717 2670 1800 2714 XV
