2056 3176
218 322 322 372 ΜΟ
337 338 457 382 Ὄσκῃ
478 340 669 383 ⁴quaeum
697 325 908 368 cohoereat
927 339 1114 381 graecum
1134 326 1281 372 κοινός,
1302 323 1473 366 omnino
1493 324 1637 379 sejun-

216 398 416 468 gendum
447 417 539 455 ess-e
554 402 694 445 docet.
755 400 919 445 Ibidem
941 401 1011 443 σὺν
1031 401 1208 444 eandem
1230 414 1321 443 esse
1342 414 1489 443 vocem
1510 401 1638 456 atque

211 466 504 550 ‘effi-'negasse
536 471 692 553 dieitur
720 478 841 521 Fiok.

886 614 981 658 xv.

667 708 739 755 ne
770 707 935 754 aeolico
967 690 1025 749 σε
1045 679 1132 766 pro
1164 710 1197 755 ε.

794 801 845 846 In
874 803 931 846 id.
962 802 1067 847 XV:

308 917 316 922 .
370 878 602 934 ἀγοράσδων
633 896 672 923 v.
707 881 775 933 16,
807 879 950 921 παῐσδε
980 896 1020 923 v.
1053 882 1123 932 42,
1156 879 1344 922 ἔπαισδον
1365 896 1405 923 v.
1428 881 1499 932 49,
1529 879 1635 921 πλα-

138 970 163 995 &
227 956 474 1000 τειάσδοισαι
504 972 544 1000 v.
577 959 647 1010 88,
680 956 869 1012 δωρίσδεν
902 972 939 1000 v.
973 958 1041 1000 93.

369 1035 390 1081 ζ
420 1049 521 1077 vero
549 1034 766 1089 praebent:

366 1110 538 1157 καθίζει)
568 1126 607 1153 v.
641 1112 682 1161 3,
714 1110 835 1158 λάζευ
867 1126 905 1154 v.
929 1112 999 1164 21,
1019 1112 1207 1166 χρῄζοντι
1227 1126 1266 1154 v.
1290 1112 1360 1164 28,
1381 1107 1631 1166 χαριζομένα

225 1203 266 1231 v.
299 1188 397 1240 109,
429 1185 517 1234 ὄζον
551 1211 603 1217 ——·
637 1185 715 1235 ὄζω
743 1203 785 1231 v.
818 1189 916 1231 122.

366 1264 433 1307 De
462 1264 542 1307 hac
574 1264 807 1308 mutatione
837 1265 932 1307 vide
964 1264 1069 1307 Ahr.
1103 1265 1231 1307 Diall.
1264 1263 1298 1307 Ι.
1331 1264 1385 1307 47
1418 1262 1629 1320 seqq.‚11.

226 1341 413 1392 94--95,
444 1340 602 1383 Morsb.
636 1341 751 1384 Curt.
783 1342 900 1384 stud.
933 1341 986 1383 X.
1020 1343 1206 1394 32-37,
1237 1340 1414 1383 Meister
1441 1340 1571 1383 Diall.
1594 1339 1630 1383 I.

228 1417 455 1481 130—131
490 1419 534 1460 et
564 1417 680 1460 Curt.
712 1416 831 1461 Stud.
862 1417 938 1461 IV.
970 1418 1071 1468 410,
1093 1417 1215 1459 Blass
1243 1416 1535 1472 „Ausspraehe
1557 1417 1631 1459 des

224 1493 550 1542 Griechisehen“
588 1495 804 1547 95—102‚
836 1494 886 1537 G.
918 1494 1065 1550 Meyer
1095 1494 1194 1546 219,
1227 1496 1326 1546 262,
1359 1494 1607 1537 274-275.

366 1570 534 1614 Certam
566 1570 693 1627 hujus
724 1556 967 1614 mutatienis
986 1571 1128 1627 legem
1148 1570 1403 1613 constituere
1424 1585 1507 1613 non
1529 1568 1633 1626 posl

217 1661 379 1716 ‘sumus
440 1645 491 1689 In
537 1663 649 1691 voce.
697 1646 788 1695 ὄζος
832 1647 907 1701 (=
954 1648 1141 1691 indoeur.
1187 1648 1287 1690 ozdo
1334 1671 1387 1677 --
1428 1648 1494 1690 cfr
1522 1648 1628 1690 lesb.

198 1718 373 1775 ’ὄσδοςῩ
389 1727 431 1767 et
458 1721 531 1772 ἵζω
561 1728 634 1773 (=
667 1724 847 1775 σι-Ζδ-ω)
878 1727 943 1768 est
974 1726 994 1772 ζ
1026 1744 1080 1760 =
1111 1724 1412 1781 primigenium
1439 1724 1627 1767 indoeur.

220 1800 287 1855 εά,
318 1800 363 1842 in
393 1816 509 1843 voce.
542 1798 766 1858 Ἀθήναζε,
798 1803 959 1857 χαμάζε
990 1804 1089 1844 cett.
1121 1802 1164 1844 in
1195 1802 1289 1857 ipsa
1318 1816 1461 1858 graeca
1480 1801 1630 1857 lingua

222 1878 242 1923 ζ
272 1892 326 1919 ex
357 1876 406 1918 σδ
435 1879 574 1920 ortum
605 1881 682 1931 est,
713 1878 756 1920 in
789 1878 884 1921 aliis
915 1893 1027 1921 voce.
1060 1881 1124 1921 est
1154 1880 1174 1925 ζ
1206 1897 1261 1913 =
1284 1877 1322 1933 δ,]”
1346 1878 1431 1933 (vel
1458 1879 1518 1934 ¹xj)
1539 1878 1629 1921 vel·-

219 1940 268 1995 ut
291 1949 494 2008 rdtxopdttm,
527 1952 655 2009 ἐρίζω,
687 1955 827 2004 παίζω,
845 1951 1010 2011 >δωρίζω
1040 1957 1153 2007 cett„
1185 1969 1279 2010 quae
1310 1955 1355 1997 in
1384 1954 1489 1997 lesb.
1528 1954 1627 1997 dial.

219 2030 265 2072 in
295 2029 400 2070 -σδω
430 2035 598 2073 exeunt.
660 2032 734 2074 Cfr
765 2031 813 2074 G.
846 2032 995 2086 Meyer
1025 2035 1068 2073 et
1097 2032 1273 2073 Meister
1303 2032 1348 2074 ll.
1382 2046 1443 2074 cc.

481 2123 532 2167 In
562 2125 619 2168 id.
650 2124 775 2168 XXII
804 2125 1045 2182 hujusmodi
1075 2125 1184 2168 nihil
1215 2128 1365 2168 exstat.

863 2278 979 2322 XVI.

390 2373 455 2417 De
484 2373 693 2419 flexione
724 2372 951 2432 stirpium
981 2388 1068 2432 per
1099 2389 1126 2415 α
1157 2373 1453 2419 exeuntium.

782 2461 832 2505 In
862 2462 920 2507 id.
950 2462 1050 2507 XV:

358 2549 424 2591 De
472 2551 557 2593 dor.
606 2556 633 2591 ᾶ
678 2566 755 2607 pro
799 2552 985 2604 ion.-att.
1032 2565 1072 2608 η,
1111 2552 1163 2594 de
1195 2566 1299 2593 -αων
1330 2552 1626 2595 terminatione

217 2624 397 2681 genitivi
443 2626 552 2682 plur.
599 2628 645 2670 in
685 2628 773 2671 dor.
807 2634 877 2669 -ᾶν
909 2630 1142 2682 contracta,
1174 2630 1225 2672 de
1257 2629 1486 2672 accusativi
1514 2629 1624 2685 plur.
