2056 3176
970 290 1199 336 „13—

378 407 494 455 Ourt.
526 403 644 454 Stud.
676 409 752 454 IX.
785 411 1019 455 363—406
1052 411 1103 454 de
1134 410 1202 454 his
1237 411 1480 456 nominibus
1511 412 1667 460 diserte
1688 399 1792 471 egit.

377 487 451 531 cfr
482 488 651 532 Griech.
684 481 826 532 Graiu.
859 490 928 540 53,
960 488 1109 545 Vergl.
1143 488 1284 532 Gram.
1318 488 1351 532 I.
1387 490 1456 542 62,
1480 489 1535 535 II.
1567 493 1652 535 354
1674 506 1791 548 seqq.

378 590 432 596 —-
465 565 660 622 Apparet
690 566 938 609 nominativi
969 579 1066 623 -τηρ
1097 566 1250 609 fortem
1281 568 1473 622 praebere
1501 568 1683 612 formam·
1703 569 1793 612 suf-

377 643 464 695 fixi,
497 634 815 686 cuiusssinfirma
845 643 982 692 forma
1014 657 1081 697 τερ
1113 646 1190 687 est.
1224 668 1278 673 —-
1312 644 1360 687 G.
1391 644 1540 701 Meyer
1560 645 1640 688 45:
1680 645 1792 698 „Das

375 735 402 778 η
448 720 506 763 ist
537 702 766 777 allgemein
806 720 1046 777 griechisch
1078 721 1163 764 und
1194 720 1337 778 gleich
1370 722 1692 778 europtiischem
1724 724 1784 767 e.“

376 797 527 859 Paullo
557 797 669 839 infra
701 813 743 853 p.
774 798 851 840 46:
898 797 1069 850 „Daher
1099 812 1213 840 muss
1244 798 1303 840 im
1335 798 1520 841 elischen
1553 799 1686 854 πατάρ
1718 800 1793 842 der

378 873 861 918 Damokratesinschrift
893 875 918 917 6
951 873 978 914 ἃ
1009 889 1083 917 aus
1116 888 1140 931 η
1173 875 1425 918 entstanden
1455 876 1589 919 sein“.

517 950 706 1001 Nomina
751 966 829 1006 per
868 965 960 997 -Ἢς
999 952 1197 993 exeuntia
1228 952 1392 1007 epicam
1425 952 1650 995 flexionem
1681 966 1789 1010 -ηος,

376 1043 441 1085 -ηι
472 1031 551 1072 etc.
584 1034 812 1085 usurpant:
847 1028 1041 1085 βαςιλῆος
1071 1044 1139 1072 vv.
1173 1030 1243 1082 22,
1267 1030 1335 1080 52,
1360 1027 1597 1087 ἀηδονιδῆες
1619 1045 1657 1074 v.
1685 1031 1791 1082 1213

376 1107 450 1148 sed
489 1119 515 1162 η
544 1106 601 1148 ,in
633 1120 651 1146 ε
684 1107 901 1161 correpta:
951 1106 1037 1148 dor.
1070 1103 1289 1160 Δωριέεσσι
1320 1122 1358 1149 v.
1394 1108 1449 1149 93
1482 1110 1575 1162 (pro
1606 1122 1673 1163 ep.
1706 1108 1789 1151 ion.

379 1185 518 1234 -εὔσι).

518 1259 584 1302 De
632 1259 776 1302 dorica
824 1259 1005 1301 flexione
1051 1257 1142 1305 -ἐος
1189 1262 1268 1303 etc.
1317 1260 1381 1302 cfr
1420 1259 1527 1302 Ahr.
1574 1260 1601 1302 1.
1636 1275 1670 1303 c.
1705 1261 1790 1303 236

376 1352 463 1391 seq.
496 1334 676 1378 Kiihner
706 1335 875 1378 Griech.
909 1336 1050 1378 Gram.
1084 1335 1118 1378 I.
1154 1337 1237 1379 139
1268 1336 1460 1379 Curtium
1481 1340 1648 1379 secutus
1671 1338 1792 1379 docet

376 1413 530 1469 stirpes
561 1413 776 1457 nominum
809 1413 851 1455 in
884 1426 975 1459 -ευς
1007 1413 1290 1455 desinentium
1318 1413 1371 1457 ab
1393 1413 1521 1456 initio
1534 1428 1611 1469 per
1633 1427 1677 1455 ευ
1698 1412 1791 1474 (ef)

377 1490 507 1532 exiise
539 1491 746 1545 inepicis
778 1505 878 1532 vero
909 1490 1277 1533 terminationibus
1309 1493 1413 1546 (ηος,
1445 1504 1488 1546 ηι
1516 1491 1616 1545 etc.)
1639 1492 1791 1533 amisso

376 1567 632 1624 primigenio
664 1567 880 1624 digamma
910 1567 1159 1622 productam
1191 1582 1281 1610 esse
1303 1567 1493 1610 vocalem
1513 1568 1789 1623 praemissam.

377 1643 512 1694 Quam
533 1644 786 1686 sententiam
810 1643 912 1685 olim
934 1643 1153 1699 amplexus
1175 1646 1239 1685 est
1260 1643 1509 1700 Brugmann
1531 1643 1647 1686 Curt.
1670 1643 1789 1686 Stud.

376 1721 451 1764 IV.
489 1723 569 1764 168
602 1736 689 1776 seq.
752 1719 870 1763 Idem
902 1723 1043 1764 monet
1075 1720 1242 1764 Griech.
1276 1720 1419 1764 Graiu.
1453 1722 1507 1763 52
1541 1737 1630 1777 seq.
1660 1720 1790 1764 Wac-

378 1798 673 1852 kernagelium
720 1797 876 1840 formas
922 1798 1171 1841 nominativi
1217 1798 1327 1854 sing.
1375 1798 1417 1840 in
1465 1812 1555 1844 -ευς
1598 1800 1641 1840 et
1673 1805 1788 1854 cypr.

375 1876 625 1917 nominativi
656 1875 765 1930 plur.
797 1859 841 1917 in
872 1879 1025 1931 -ηΓ-ες
1054 1876 1293 1917 desinentes
1330 1876 1390 1917 ita
1428 1875 1640 1930 explicare
1663 1890 1790 1918 cona-

379 1955 471 1996 tum
518 1967 623 2006 esse,
669 1953 717 1995 ut
762 1951 879 1995 illam
926 1952 979 1995 ad
1024 1965 1166 2002 -ego-‹;‚
1198 1951 1308 1995 hanc
1341 1952 1394 1995 ad
1425 1956 1587 2011 εξεΓ-ες
1617 1952 1791 1995 reduce-

375 2032 453 2071 ret.
517 2029 567 2071 G.
613 2029 762 2083 Meyer
807 2030 877 2079 46,
926 2030 1025 2080 288,
1072 2031 1158 2071 313
1197 2044 1299 2084 seq„
1333 2031 1417 2072 332
1450 2044 1552 2084 seq„
1586 2030 1670 2072 355
1702 2028 1790 2083 seq.

374 2105 620 2161 hujusmodi
650 2105 804 2160 stirpes
836 2106 889 2148 ab
922 2105 1044 2148 initio
1075 2121 1152 2161 per
1183 2119 1256 2161 -ηυ
1288 2106 1440 2148 exiisse
1472 2105 1702 2148 contendit.

377 2176 379 2178 V
519 2187 636 2239 τῆνος
681 2197 748 2225 vv.
795 2182 835 2235 8,
885 2183 952 2224 15.
1016 2182 1080 2224 De
1112 2182 1154 2225 vi
1187 2185 1229 2224 et
1260 2197 1337 2224 usu
1368 2181 1495 2238 hujus
1527 2181 1788 2237 pronominis

374 2262 541 2302 tantum
562 2260 616 2301 in
647 2259 805 2301 Doride
826 2260 1019 2314 usurpati
1041 2260 1230 2315 disputat
1251 2259 1358 2301 Ahr.
1380 2260 1409 2303 1.
1432 2274 1468 2302 c.
1492 2259 1725 2301 267——270
1748 2260 1791 2299 et

375 2338 428 2380 de
459 2337 573 2380 vocis
604 2336 770 2393 origine
798 2342 950 2393 ,τῆνος
973 2337 1124 2392 inquit,
1149 2350 1174 2377 α
1196 2336 1509 2392 simplicissimo
1530 2337 1790 2378 demonstra-

375 2415 463 2456 tivo
510 2410 563 2467 (ὁ,
596 2410 636 2469 ἡ,
670 2413 731 2466 τό)
779 2413 925 2455 eadem
973 2414 1137 2456 ratione
1185 2414 1423 2456 derivatum
1467 2415 1544 2465 est,
1586 2427 1670 2467 qua
1701 2412 1789 2453 dor.

375 2495 568 2546 τοσσῆνος
601 2513 654 2519 -
689 2504 714 2530 a
745 2491 887 2535 τόσσος
918 2489 1168 2532 formatione
1199 2490 1384 2544 quadam
1414 2487 1692 2545 Syracusanis
1712 2501 1791 2542 po-

374 2566 599 2618 tissimum,
648 2567 695 2608 ut
739 2566 919 2619 videtur,
962 2566 1142 2609 usitata“
1180 2565 1240 2622 (p.
1274 2548 1391 2616 270).
1452 2564 1664 2608 Schrader
1691 2563 1720 2605 l.
1754 2576 1790 2604 c.
1855 2575 1860 2580 ⁶

376 2643 461 2686 318
493 2655 520 2698 η
551 2642 742 2685 vocalem
772 2642 899 2697 hujus
931 2643 1125 2685 vocabuli
1156 2642 1433 2697 productione
1455 2639 1718 2696 suppletor-ia
1738 2652 1791 2680 ex

376 2734 395 2761 ε
426 2720 570 2762 natam
605 2733 695 2762 esse
727 2720 877 2782 putat3
910 2719 1012 2775 quid
1043 2734 1143 2763 vero
1175 2708 1360 2776 ejectum
1391 2717 1459 2770 sit,
1492 2717 1538 2760 in
1563 2714 1702 2759 medio
1723 2728 1791 2757 re·
1834 2756 1835 2759 ,
