2056 3176
939 237 1270 302 —106—'

503 374 586 420 Sed
632 375 879 433 adstidyllia
924 378 1067 419 nostra
1112 377 1314 420 revertor.
1377 373 1427 418 In
1463 369 1610 435 idyllio
1639 372 1722 419 XV
1751 389 1772 416 ν

360 453 668 509 paragogicum
697 453 811 496 tollit
841 453 1002 496 hiatum
1036 457 1132 508 post
1161 454 1337 500 brevem
1367 453 1574 503 vocalem:

501 527 622 586 ὔμμιν
654 528 816 586 ἕσωθην
846 545 886 573 v.
918 530 959 583 4,
993 528 1131 586 ἄμμιν,
1165 526 1267 587 ἀνὴρ
1297 530 1444 582 v.·17‚
1478 527 1601 585 ἄμμιν
1623 527 1777 585 ἐπιρρεῖ

359 621 400 650 v.
433 607 503 659 59,
534 603 663 647 πόθεν
693 603 915 661 ὥνθρωπος
945 621 985 650 v.
1018 607 1094 659 893
1732 592 1754 604 ς’

501 698 522 725 ν
552 684 696 746 efficit,
727 686 774 727 ut
790 685 945 728 brevis
976 684 1141 741 syllaba
1168 687 1266 728 ante
1288 684 1525 741 simplicem
1546 699 1771 728 consonam

359 761 402 804 in
434 760 547 804 thesi
577 760 786 818 positione
819 762 1098 818 producatur:
1709 790 1716 795 ι

502 836 638 880 ἀῶθεν
684 838 720 879 δ’
764 855 804 882 v.
845 841 944 883 132.
1005 839 1203 895 Plerique
1235 839 1420 882 editores
1450 856 1490 883 v.
1522 841 1578 882 98
1610 842 1773 894 πέρυσιν

359 916 438 960 τὸν.
485 915 656 959 Ahrens
702 919 745 958 et
788 915 1017 959 Morsbach
1063 919 1221 970 πέρυτιν
1260 916 1430 972 legunt3
1463 931 1593 972 quum
1624 931 1723 959 vero
1754 929 1774 957 ν

358 993 667 1049 paragogicum
713 1008 738 1035 a
784 993 927 1035 dorico
973 993 1090 1035 exitu
1120 993 1194 1048 qui
1226 995 1291 1035 est
1321 1007 1357 1034 τι
1387 993 1557 1036 omnino
1588 993 1774 1035 alienum

358 1083 450 1111 esse
496 1069 705 1122 videatur,
752 1069 891 1112 facilis
939 1070 1191 1121 emendatio,
1247 1084 1342 1125 quae
1399 1072 1463 1112 est
1508 1072 1682 1124 πέρυτις,
1728 1069 1772 1111 in

358 1147 560 1202 promptu
590 1148 666 1189 est.
729 1145 795 1189 De
827 1142 975 1201 πέρυτι,
1008 1148 1170 1201 πέρυτις
1199 1146 1354 1189 doricis
1386 1148 1549 1201 πέρυσιν
1581 1146 1771 1190 adverbii

357 1222 503 1265 formis
531 1223 600 1264 ‘cfr
630 1222 746 1265 Curt.
778 1222 960 1265 Grundz.
994 1223 1079 1265 275
1112 1225 1155 1264 et
1186 1223 1234 1265 G.
1267 1223 1417 1278 Meyer
1448 1225 1548 1266 299.

499 1313 520 1340 ν
550 1299 855 1356 paragogicum
886 1300 931 1342 in
962 1300 1046 1342 fine
1077 1315 1222 1343 versus
1254 1300 1436 1357 legitur:

499 1374 668 1418 ὄπισθεν
707 1391 748 1420 v.
789 1378 846 1420 56
878 1378 1152 1433 (quamquam
1183 1392 1328 1419 versus
1360 1377 1585 1432 insequens
1617 1393 1642 1419 a
1672 1392 1772 1419 con-

356 1468 459 1496 sona
489 1454 672 1509 incipit),
706 1452 862 1494 ἄνωθεν
893 1469 933 1497 v.
966 1455 1019 1496 91
1054 1455 1182 1508 (quod
1211 1454 1371 1509 excipit
1390 1454 1546 1496 vocalis
1568 1454 1612 1496 in
1633 1455 1771 1497 fronte

356 1530 572 1586 sequentis
603 1544 749 1573 versus
779 1530 960 1587 posita);

499 1609 544 1648 at
588 1607 743 1649 omisso
789 1596 812 1648 ν’
855 1605 1074 1661 Δωριὲεσσι
1118 1622 1157 1649 v.
1206 1608 1276 1659 93,
1309 1604 1516 1661 ἀρίστευσε
1550 1623 1588 1650 v.
1621 1609 1676 1649 98
1708 1608 1771 1649 le-

356 1685 529 1740 guntur,
560 1698 818 1740 quamquam
849 1686 892 1726 et
922 1684 967 1726 in
998 1684 1115 1727 exitu
1145 1691 1343 1727 'versuum
1375 1686 1418 1726 et
1449 1684 1492 1726 in
1519 1699 1652 1739 pausa
1675 1699 1770 1726 ora-

356 1761 485 1804 tionis
515 1761 657 1817 posita
687 1763 799 1804 sunt.

498 1837 665 1881 Omisso
694 1852 714 1879 ν
745 1839 886 1881 brevis
927 1839 1084 1881 vocalis
1115 1839 1254 1880 finalis
1286 1841 1385 1881 ante
1417 1841 1664 1893 sequentem
1695 1854 1769 1881 vo·-

356 1909 492 1952 calem
523 1909 718 1953 eliditur:
752 1908 869 1964 ἔλαβ’
902 1907 1029 1951 ἐνθών
1060 1925 1099 1952 v.
1134 1911 1174 1962 8,
1206 1908 1323 1964 ἔλαβ’
1356 1907 1485 1965 ἐχθές
1516 1926 1552 1952 v.
1587 1911 1657 1962 20,
1691 1906 1768 1950 εἶπ’

356 1984 594 2040 ἀποκλᾴξας
623 2001 663 2029 v.
698 1986 766 2039 77,
799 1984 938 2038 ἔπαθ’,
970 1983 1052 2027 οὔτ’
1082 2002 1122 2029 v.
1158 1988 1265 2038 138;

498 2077 518 2103 ν
554 2062 789 2114 omittitur,
836 2065 884 2105 ut
930 2063 1071 2106 brevis
1102 2065 1273 2124 maneat
1302 2063 1467 2118 syllaba
1499 2062 1638 2105 finalis
1670 2065 1768 2105 ante

354 2142 604 2196 sequentem
649 2140 886 2195 simplicem
931 2154 1176 2182 consonam:
1226 2138 1379 2195 ἔμβαλε
1419 2141 1491 2180 καὶ
1522 2155 1561 2182 v.
1593 2141 1634 2192 3,
1666 2137 1769 2195 ἦνθε

356 2213 485 2274 φέρων
516 2232 554 2259 v.
589 2216 659 2269 17,
692 2213 894 2257 ὲπίτασσε.
956 2211 1227 2271 Σορακοσίαις
1257 2232 1296 2259 v.
1331 2217 1400 2268 90,
1434 2215 1562 2263 ἔξεστι
1593 2210 1698 2257 δοκῶ
1728 2231 1767 2260 v.

356 2295 426 2346 93,
473 2295 662 2335 πάντεσσι
707 2293 852 2339 καλοῖς
891 2308 931 2336 v.
967 2293 1064 2346 111,
1098 2293 1269 2349 στήθεσι
1300 2295 1556 2351 φαινομένοις
1585 2308 1625 2336 v.
1660 2294 1768 2344 1353

354 2371 438 2414 huc
484 2370 615 2414 etiam
660 2370 807 2413 refero-
845 2371 1034 2411 πάντεσσι
1082 2370 1239 2424 βροτοῖς
1284 2385 1323 2412 v.
1359 2371 1457 2422 105,
1490 2370 1563 2412 ubi
1595 2370 1768 2412 brevem

353 2448 563 2504 syllabam
608 2447 789 2490 finalem⁴
825 2447 984 2502 excipit
1029 2446 1281 2490 vocabulum
1327 2462 1353 2489 a
1397 2449 1515 2489 muta
1553 2461 1647 2489 cum
1678 2461 1765 2502 seq.

351 2524 516 2581 liquida
546 2523 768 2580 incipiens.

495 2614 531 2642 τι
577 2603 631 2643 et.
657 2614 715 2642 ντι
745 2601 908 2643 doricas
939 2600 1257 2643 terminationes
1287 2601 1426 2643 tertiae
1458 2615 1648 2655 personae
1680 2600 1767 2642 sin-

352 2677 514 2734 gularis
561 2679 605 2720 et
648 2676 825 2733 pluralis
872 2691 920 2719 ac
968 2676 1155 2719 doricam
1186 2676 1368 2733 figuram
1401 2674 1528 2717 εἴκατι
1559 2690 1767 2732 nusquam
