2056 3176
512 360 682 420 αἰγιόχω
704 363 737 416 ¹)
780 379 820 408 v.
870 364 910 417 1,
955 362 1098 420 κόχλω
1117 363 1153 420 ⁹)
1197 379 1238 409 v.
1285 365 1356 435 77,
1387 347 1523 423 ὥμβω
1541 367 1578 424 ⁸)
1608 383 1649 413 v.
1681 331 1783 423 208,

372 441 526 496 quibus
555 440 659 484 locis
690 454 737 482 ου
765 440 991 484 restituere
1021 455 1107 483 non
1138 441 1301 485 dubito.
1825 446 1828 449 ⁴

511 517 656 560 Etiam
700 517 745 560 in
791 517 876 573 adj.
922 518 1174 574 χειμάρρους
1216 533 1257 562 v.
1299 519 1355 562 50
1388 533 1434 562 οο
1463 520 1509 563 in
1539 534 1586 562 ου
1616 521 1784 566 coalue-

369 597 490 645 runt3
522 594 636 636 idem
665 608 766 637 vero
795 594 1012 637 invenitur
1041 593 1166 637 Hom.
1199 592 1250 638 Il.
1283 593 1359 639 XI.
1392 597 1492 640 493.

511 683 556 711 οο
586 684 668 713 non
700 671 854 713 constan:

510 745 633 788 πλόον
662 761 704 790 v.
736 747 807 799 22,
839 748 964 802 χρόας
994 761 1041 790 v..
1068 747 1166 790 188.

1034 915 1110 960 IX.

701 1010 771 1056 De
802 1026 825 1052 υ
856 1011 908 1056 et
939 1025 971 1052 ω
1001 1024 1109 1056 cum
1141 1024 1241 1069 seq.
1273 1011 1448 1057 vocali.

509 1123 567 1169 A.
628 1137 667 1164 υι
698 1123 743 1166 in
773 1129 798 1165 δ
828 1123 1086 1167 coalescunt:

510 1218 590 1275 φὺη
621 1217 717 1261 XV.
751 1218 820 1261 94.

509 1322 563 1368 B.
624 1337 656 1363 ω
687 1338 784 1366 cum
814 1338 903 1380 seq.
934 1323 1092 1367 vocali:

721 1397 740 1411 ‘*
919 1419 964 1461 in
993 1419 1050 1461 id.
1083 1417 1229 1462 XXII:

507 1526 593 1554 non
640 1513 796 1554 conia-,2
843 1509 983 1567 ἥρωας
1026 1527 1066 1554 v.
1109 1513 1179 1560 78,
1210 1509 1342 1568 ἥρωες
1373 1527 1413 1555 v.
1445 1514 1516 1565 92,
1546 1510 1779 1570 ἡρώεσσιφ)

372 1589 470 1641 163,
503 1589 611 1640 216;
645 1588 841 1642 πατρώιον
873 1603 912 1631 v.
945 1589 1044 1641 164,
1075 1594 1144 1630 νῶι
1174 1604 1214 1632 v.
1250 1589 1356 1639 175;
1964 1585 2021 1644 ¹

509 1679 561 1707 ex
592 1677 640 1705 ωι
669 1679 702 1718 ῳ
733 1663 803 1707 fit:
837 1670 944 1722 σφῷν
976 1679 1014 1708 v.
1048 1665 1146 1716 166,
1179 1666 1343 1721 πατρῴῃ
1373 1680 1412 1708 v.
1446 1666 1546 1708 205.

1046 1835 1099 1877 Χ.

757 1928 828 1973 De
859 1928 988 1974 crasi
1020 1942 1163 1986 quam
1192 1928 1386 1974 vooanss.

946 2038 997 2083 In
1027 2040 1086 2085 id.
1116 2039 1199 2084 XV

505 2133 564 2179 A„
624 2133 843 2201 Artieulus
881 2149 974 2178 cum
1007 2135 1144 2178 vocali
1173 2135 1243 2178 vel
1274 2119 1510 2191 diphtongo'
1539 2130 1778 2191 insequenti

368 2211 544 2256 coaluit:
592 2207 717 2252 τάίιτᾶ
746 2227 785 2255 v.
821 2212 890 2264 18,
922 2209 1117 2268 τάκριβέα
1148 2227 1187 2256 v.
1219 2211 1290 2265 81,
1322 2208 1578 2269 τώμπὲχονον
1607 2225 1676 2255 vv.
1707 2210 1778 2263 21,

365 2289 436 2342 39,
470 2289 540 2340 71,
572 2285 793 2343 ὥνθρωπος
822 2304 889 2332 vv.
922 2290 992 2342 83,
1025 2290 1094 2332 89.

511 2428 537 2473 ¹)
564 2426 715 2476 αἶτῑόχω
742 2429 842 2476 vulg.
868 2426 1030 2476 αἰγιόχου
1054 2430 1120 2465 Im.
1146 2429 1258 2467 Mein.
1284 2429 1377 2466 Edd.

509 2486 536 2532 ¹)
561 2485 683 2533 Ἅόχλω
720 2488 822 2532 vulg.
858 2486 990 2534 κόχλου
1025 2489 1068 2524 Ι).
1093 2488 1206 2525 Mein.
1231 2488 1323 2525 Edd.
1351 2499 1391 2522 ου
1416 2498 1526 2534 super
1550 2498 1578 2519 ω
1603 2498 1632 2522 r.
1657 2482 1776 2532 κόχλῳ

362 2547 461 2583 Iunt.
488 2545 573 2590 (sec.
599 2545 703 2591 Ahr.)

508 2603 536 2650 ⁸)
561 2602 683 2650 τύμβω
719 2605 821 2651 vulg.
857 2605 968 2642 Mein.
1004 2604 1124 2652 τύμβῳ
1162 2606 1208 2642 18
1230 2618 1260 2642 r.
1285 2601 1708 2650 Αω.β.1ιιιιι.τύμβου
1732 2601 1775 2637 D.

361 2663 455 2701 Edd.
481 2675 557 2701 exe.
582 2663 694 2701 Mein.
