2056 3176
838 244 893 251 -—-
927 220 1007 263 121
1043 244 1098 251 -—-

236 348 336 395 ''pp.
369 339 542 381 85—86
573 353 708 393 pauca
738 338 842 381 fecit
881 339 1025 382 verba.
1086 337 1337 394 Hujusmodi
1374 338 1671 394 productiones

262 414 308 456 in
337 429 501 457 summa
529 414 730 471 leguntur
759 417 845 456 tres
876 417 920 456 et
949 415 1165 471 octoginta
1191 415 1236 456 in
1256 414 1368 457 thesi
1389 413 1423 467 Ι,
1445 414 1668 470 sexaginta

263 491 308 534 in
337 491 450 534 thesi
494 490 550 542 ΙΙ,
598 492 690 534 duae
722 494 766 533 et
794 491 974 548 triginta
1003 492 1048 534 in
1078 491 1191 534 thesi
1221 490 1300 543 ΙΙΙ,
1333 494 1502 534 centum
1533 493 1577 534 et
1606 491 1670 533 vi-

263 568 374 626 ginti
404 567 449 610 in
479 566 590 610 thesi
622 566 696 621 IV,
736 570 823 610 tres
866 570 910 611 et
939 568 1173 625 nonaginta
1203 568 1246 610 in
1278 567 1390 610 thesi
1423 567 1475 621 V,
1507 570 1670 623 septem

263 648 308 688 et
337 646 555 701 octoginta
585 645 631 686 in
660 645 773 687 thesi
808 644 878 687 VI.

405 723 445 765 b.
506 721 678 764 Vocalis
708 722 954 777 producitur
984 722 1028 764 in
1059 722 1166 765 arsi:

403 799 446 841 in
479 798 564 841 arsi
593 799 749 855 prima:
781 798 918 842 XXII.
954 800 1036 842 142
1069 795 1244 857 δίφρων;

403 876 448 917 in
479 877 563 918 arsi
584 876 788 919 secunda:
820 875 980 918 XVIII.
1020 878 1071 918 51
1109 874 1280 930 Κῦπρις,
1301 875 1440 918 XVII.
1463 877 1518 918 20
1542 873 1670 929 Ἥρα-

263 952 403 1009 κλῆος,
436 954 491 994 29
523 948 720 1008 εὐόδμοιο,
753 952 891 996 XXII.
925 955 1008 995 122
1041 952 1228 1008 ἔβλαψεν,
1261 953 1345 995 185
1377 951 1526 1007 ἄκρας

404 1029 448 1071 in
493 1029 577 1071 arsi
624 1029 776 1072 tertia:
822 1028 983 1072 XVIII.
1031 1030 1085 1072 47
1126 1031 1379 1084 γεγράψεται,
1410 1027 1549 1075 XVII.
1583 1029 1667 1071 104

264 1107 457 1161 πατρώια,
488 1105 626 1150 ΧΧΙΙ.
659 1106 711 1149 71
744 1106 990 1163 κεκλήσεαι;

404 1183 449 1225 in
494 1183 578 1225 arsi
618 1186 788 1239 quarta:
831 1183 926 1226 XV.
959 1184 1015 1226 45
1048 1181 1279 1239 ἀνάριθμοι,
1311 1182 1450 1227 XVII.
1485 1184 1568 1226 122
1600 1180 1670 1224 ἐκ·

265 1261 474 1315 μάσσεται,
505 1259 643 1302 ΧΧΙΙ.
678 1262 731 1303 69
763 1259 1001 1317 κεκλήσεθέ,
1037 1261 1118 1304 147
1152 1259 1311 1314 ἕδνωσε,
1337 1262 1416 1303 151
1442 1258 1667 1313 ἐκλέπτετε,

267 1337 349 1378 164
381 1337 597 1390 πατρώιονς
1187 1348 1189 1351 ·

404 1413 449 1455 in
480 1413 565 1455 arsi
595 1414 764 1468 quinta:
802 1413 896 1455 XV.
930 1415 984 1456 27
1018 1410 1271 1468 αὶνὸθρυπτε,
1300 1412 1439 1456 XVII.
1462 1414 1518 1455 26
1541 1410 1669 1467 Ἥρα-

264 1488 444 1541 κλείδας,
477 1490 531 1532 27
555 1487 785 1546 Ἡρακλῆα,
810 1491 864 1532 82
888 1487 1158 1546 ἐνδὲδμηνται,
1180 1489 1317 1532 ΧΧΙΙ.
1342 1491 1426 1532 100
1447 1490 1668 1544 γναθμούς.

405 1565 569 1609 Tabula
614 1566 770 1609 Kunsti
815 1582 857 1622 p.
905 1568 959 1610 87
998 1567 1209 1622 descripta
1256 1567 1368 1622 apud
1398 1565 1668 1609 Theocritum

263 1642 308 1684 in
338 1642 579 1686 universum
610 1642 720 1685 hanc
752 1657 842 1686 esse
873 1642 998 1699 hujus
1029 1643 1199 1700 generis
1230 1643 1550 1698 productionum
1582 1642 1668 1685 fre—

265 1719 480 1774 quentiam
529 1719 671 1777 docet:
719 1720 763 1761 in
809 1721 894 1762 arsi
941 1719 960 1762 I
1005 1722 1113 1770 octo,
1144 1720 1189 1761 in
1221 1720 1305 1761 arsi
1335 1718 1378 1762 ΙΙ
1409 1720 1594 1775 quinque
1626 1721 1670 1761 et

263 1794 456 1851 triginta,
487 1795 532 1836 in
563 1796 647 1837 arsi
678 1794 743 1837 III
773 1811 901 1838 unam
932 1798 976 1837 et
1007 1795 1160 1852 viginti
1184 1796 1229 1848 1),
1251 1796 1294 1837 in
1317 1796 1401 1837 arsi
1422 1794 1485 1838 IV
1506 1798 1669 1851 septem

265 1873 308 1918 et
337 1871 506 1927 viginti,
538 1872 581 1913 in
614 1873 698 1913 arsi
728 1872 769 1913 V
799 1873 1016 1914 tredecim.
1079 1872 1294 1914 Summam
1315 1872 1447 1928 igitur
1469 1872 1666 1927 frequen-

264 1947 367 1990 tiam
390 1948 573 2003 praebuit
592 1963 667 2003 pes
690 1948 809 2001 alter,
831 1948 1050 1991 minimam
1069 1963 1145 2004 pes
1166 1934 1341 2004 primus.
1382 1947 1450 1991 Ad
1472 1948 1670 2004 frequen-

263 2024 369 2066 tiam
414 2025 731 2078 productionum
764 2025 877 2080 quod
908 2025 1061 2066 attinet
1092 2025 1144 2066 ad
1175 2025 1400 2080 secundam
1432 2025 1546 2066 arsin
1572 2038 1670 2080 pro-

264 2100 376 2142 xime
424 2101 587 2142 accedit
632 2101 737 2142 arsis
767 2103 942 2156 quarta3
986 2101 1112 2156 longe
1143 2101 1337 2155 plurimae
1368 2099 1670 2156 (undeviginti)

263 2191 364 2219 vero
395 2175 544 2218 harum
575 2177 897 2232 productionum
933 2177 978 2219 in
1008 2177 1128 2232 epico
1159 2177 1392 2219 carminum
1423 2191 1579 2233 genere
1608 2177 1670 2219 le-

265 2255 436 2310 guntur,
467 2254 541 2297 ubi
573 2268 733 2296 caesura
763 2253 956 2297 bucolica
986 2253 1119 2296 multo
1138 2254 1275 2296 rarius
1296 2256 1523 2309 usurpatur
1542 2268 1669 2309 quam

265 2330 310 2372 in
355 2330 511 2385 idylliis
558 2330 739 2372 bucolici
770 2332 813 2372 et
844 2330 1003 2372 mimici
1034 2330 1216 2386 generis.
1252 2354 1304 2360 —
1338 2329 1495 2372 Tertiae
1527 2332 1670 2373 autem

266 2406 371 2449 arsis
402 2407 697 2461 productiones
728 2422 870 2450 omnes
901 2407 1083 2450 inveniri
1113 2407 1158 2449 in
1178 2407 1351 2450 vocibus
1380 2410 1477 2459 „aut
1496 2408 1669 2462 spondei

412 2529 438 2574 ¹)
465 2530 583 2573 Quum
620 2530 770 2566 tabulas
805 2530 941 2566 Kunsti
982 2530 1146 2573 adhibui,
1192 2542 1362 2567 numeros
1398 2531 1561 2576 ejusdem
1598 2531 1671 2567 viri

266 2587 368 2624 docti
403 2588 552 2624 omnino
588 2588 737 2631 retinui,
782 2600 1007 2635 quamquam
1042 2601 1126 2626 eum
1161 2588 1224 2624 hic
1259 2588 1340 2624 illic
1376 2589 1545 2635 exempla
1581 2589 1672 2626 omi-

181 2665 188 2674 2
199 2687 208 2691 ⁴
265 2646 356 2686 sisse
380 2647 469 2684 vidi.
