2056 3176
438 383 601 438 XXIII,
631 400 725 442 quae
758 385 946 429 carmina
976 385 1175 430 Meineke
1205 389 1249 430 et
1269 386 1372 431 Otto
1396 388 1578 446 Hempel
1597 366 1852 447 (nQuaestiss.

439 478 514 505 nes
546 462 852 516 Theocritoae‘,
884 463 1011 506 Kiliae
1046 464 1156 506 1881
1191 479 1264 520 pp.
1296 466 1489 518 28—-32)
1525 466 1749 527 Theocrito
1769 455 1850 513 tri-

439 540 634 582 buerunt.
695 539 801 582 Haec
832 538 981 595 idyllia
1011 539 1185 582 incertis
1216 540 1459 585 adnumero.
1711 604 1719 609 .

562 616 822 658 ‚Dialectum
855 616 1087 658 carminum
1129 616 1476 660 Theocriteorum
1506 620 1574 662 vel
1604 620 1756 663 leviter
1785 622 1862 664 in-⁴

415 692 689 748 ·spicientem
719 692 792 735 vix
823 693 1011 749 effugere
1042 695 1184 748 potest
1214 693 1392 737 mixtam
1423 696 1635 751 quandam
1666 697 1850 752 speciem

436 770 628 823 praebere
659 769 894 811 sermonem
924 770 1188 825 singulorum
1220 771 1467 814 carminum.
1519 771 1548 813 J
1551 786 1620 813 am
1649 773 1721 814 diu
1741 773 1852 816 inter

437 845 551 888 viros
597 846 743 889 doctos
790 848 980 889 constare
1026 846 1195 889 videtur
1225 861 1302 901 pro
1332 849 1485 890 natura
1516 850 1559 890 et
1589 848 1752 901 ratione
1782 864 1851 892 re-

437 935 545 974 rum,
577 925 670 977 quae
702 922 747 963 in
778 922 957 977 singulis
989 922 1245 964 carminibus
1275 924 1524 976 tractentur,
1557 924 1726 966 omnino
1752 939 1851 966 con-

438 999 630 1041 stitutam
661 1013 751 1041 esse
784 999 1024 1049 dialectum,
1055 999 1117 1040 ita
1146 1001 1195 1041 ut
1224 999 1407 1041 maxime
1438 1001 1706 1055 usurpaverit
1726 1004 1852 1055 poeta
1892 1004 1895 1006 ’

438 1074 624 1116 doricam
655 1075 879 1116 dialectum
920 1074 963 1116 in
994 1074 1079 1116 idd.
1112 1075 1293 1116 mimicis
1324 1077 1367 1116 et
1398 1075 1612 1128 bucolicis,
1644 1075 1689 1117 in
1719 1075 1850 1131 epicis
1903 1089 1911 1099 ·

437 1150 754 1206 hom.—epicam.
795 1151 980 1195 Maxi-me
1023 1151 1129 1193 dico.
1190 1150 1341 1206 Neque
1384 1152 1497 1193 enim
1527 1151 1775 1194 Theocritus
1806 1152 1848 1194 in

438 1227 524 1270 ullo
564 1228 749 1270 carmine
790 1242 917 1269 unam
955 1230 1082 1282 atque
1124 1227 1302 1269 eandem
1334 1230 1577 1269 constanter
1607 1229 1850 1283 persecutus

381 1330 385 1333 -
439 1306 504 1345 est
534 1303 775 1346 dialectum.
836 1302 886 1345 In
917 1304 1003 1345 idd.
1037 1303 1218 1345 mimicis
1241 1306 1284 1345 et
1305 1304 1507 1346 bucolicis
1528 1319 1611 1346 non
1631 1304 1850 1359 vulgarem

429 1379 617 1422 ‘mitioris
650 1379 806 1422 doridis
838 1380 1022 1435 speciem
1054 1380 1288 1435 usurpavit,
1319 1394 1404 1434 qua
1434 1394 1533 1422 usus
1561 1381 1625 1422 est
1646 1378 1850 1435 Sophron,

439 1458 558 1512 cujus
574 1457 627 1499 ad
644 1457 964 1499 similitudinem
979 1457 1024 1497 in
1039 1456 1120 1498 hoc
1142 1456 1354 1499 scribendi
1375 1471 1531 1512 genere
1549 1471 1592 1498 se
1615 1456 1849 1498 conforma-

438 1536 580 1586 verat3
620 1534 786 1589 epicum
827 1536 967 1576 autem
998 1533 1244 1589 idylliorum
1275 1548 1409 1589 genus
1441 1533 1654 1575 nonnulla·
1673 1533 1850 1588 praebet,

439 1625 532 1665 quae
566 1612 619 1653 ab
652 1611 865 1666 epicorum
896 1625 1086 1652 sermone
1120 1610 1388 1653 abhorreant.

581 1687 762 1743 Propter
792 1687 1032 1739 dialectum,
1066 1702 1149 1742 qua
1182 1687 1421 1742 conscripta
1453 1676 1850 1739 suntsdoeptmbtepot

439 1764 568 1819 vulgo
607 1763 877 1818 appellantur
915 1764 999 1805 idd.
1032 1764 1203 1805 mimica
1233 1761 1291 1814 ΙΙ,
1324 1761 1440 1815 XIV,
1472 1762 1553 1804 XV
1585 1764 1629 1804 et
1660 1760 1850 1804 bucolica

438 1839 472 1890 I,
505 1837 708 1883 III—XI.
770 1840 866 1882 Huc
898 1840 1027 1882 etiam
1055 1840 1192 1882 refero
1212 1840 1393 1894 lyricum
1415 1839 1471 1880 id.
1495 1836 1658 1889 XVIII,
1681 1851 1850 1878 carmen

441 1916 616 1959 Helenae
648 1911 852 1971 nuptiale,
885 1918 928 1958 et
958 1917 1120 1958 incerta
1151 1916 1237 1958 idd.
1270 1914 1373 1958 XXI
1405 1913 1615 1968 (mimum)
1638 1915 1681 1955 et
1702 1909 1850 1954 XXIII

438 1992 628 2047 (carmen
661 1976 941 2044 amatorium).

580 2070 756 2125 Epicam
791 2072 895 2111 ante
921 2072 1083 2111 ceteras
1112 2070 1340 2111 dialectum
1361 2067 1582 2122 usurpavit
1602 2065 1849 2114 Theocritus

438 2147 480 2189 in
520 2147 777 2189 carminibus
820 2145 941 2198 XIII,
982 2144 1099 2198 XVI,
1140 2144 1281 2198 XVII,
1312 2144 1452 2203 XXIJ,
1484 2138 1847 2186 XXIV——XXVL

440 2223 544 2265 Haec
592 2223 791 2274 carmina,
839 2238 933 2277 quae
975 2238 999 2264 a
1030 2225 1157 2277 poeta
1189 2222 1456 2264 adolescente
1489 2214 1728 2273 conscripta
1759 2231 1848 2258 esse

437 2300 647 2351 videntur,
689 2300 848 2355 partim
891 2299 1057 2342 fabulas
1088 2299 1156 2342 vel
1188 2314 1255 2340 res
1286 2300 1430 2355 gestas
1460 2297 1635 2339 heroum
1666 2295 1851 2349 tractant

437 2374 575 2428 (XIII,
621 2374 781 2427 XXIV,
827 2375 981 2430 XXV),
1014 2376 1169 2430 partim
1201 2389 1316 2418 more
1362 2374 1613 2428 hymnorum
1657 2372 1848 2413 veterum

435 2453 583 2494 laudes
613 2452 683 2494 vel
723 2452 895 2494 deorum
936 2454 1062 2507 atque
1094 2451 1270 2494 heroum
1301 2448 1457 2505 (XXII,
1489 2445 1653 2501 XXVI)
1684 2445 1752 2489 vel
1780 2434 1849 2487 1·θὲ-

437 2543 539 2585 gum
571 2527 707 2580 (XVI,
739 2527 885 2583 XVII)
917 2529 1146 2571 continent.
1199 2528 1269 2570 Ad
1297 2526 1473 2569 Homeri
1494 2537 1730 2567 sermonem
1749 2535 1849 2576 pro-

436 2606 549 2649 xime
597 2605 761 2649 accedit
807 2606 861 2649 id.
909 2605 1044 2660 XXV,
1077 2606 1120 2649 in
1162 2620 1245 2662 quo
1284 2604 1413 2652 etiam
1444 2601 1617 2646 minutis
1648 2599 1692 2642 in
1722 2598 1848 2642 rebus

438 2683 671 2726 Homerum
705 2683 894 2725 imitatus
926 2687 990 2726 est
1020 2683 1284 2726 Theocritus

1947 626 2031 678 ἐἳ
