2056 3176
987 216 1219 259 „84—

394 338 434 377 tv
465 334 710 377 deducenda
739 336 850 377 sunt.
912 332 961 377 G.
994 333 1144 390 Meyer
1174 335 1274 388 258,
1306 336 1389 379 381
1424 337 1546 393 seq.),
1578 351 1623 379 τυ
1643 353 1710 382 vv.
1735 327 1823 394 12,

394 412 465 465 40,
512 412 583 466 41,
630 411 805 466 (Enclit.
854 426 941 454 acc.
974 425 1019 453 ‘to
1050 412 1137 455 dor.
1171 411 1343 455 dialecti
1373 414 1568 470 proprius
1599 417 1688 469 est3
1719 416 1806 460 for-

393 491 507 531 tasse
538 489 687 531 eadem
718 490 783 532 est
812 489 950 531 forma
981 503 1031 531 ac
1061 503 1173 531 nom.
1206 489 1263 530 ti).
1327 489 1401 532 cfr
1425 489 1601 548 Brugm.
1624 492 1653 536 l.
1675 507 1712 536 c.
1734 494 1805 547 65,

394 563 443 607 G.
491 564 640 620 Meyer
683 565 799 617 383),
832 578 891 605 τοι
923 580 988 607 vv.
1021 565 1091 615 34,
1124 566 1195 617 35,
1228 565 1299 615 38,
1330 565 1402 618 46,
1436 567 1519 609 102
1552 566 1677 624 (Ahr.
1707 568 1737 612 l.
1768 584 1803 614 c.

394 641 503 683 252:
550 639 694 697 Vulgo
738 640 967 683 Dorienses
997 655 1075 696 pro
1106 640 1248 684 dativo
1279 639 1342 682 τοί
1371 638 1705 699 ὀρθοτονοὺμενον
1736 647 1806 697 (ex

394 716 509 776 rfot)
554 716 624 759 vel
669 730 729 758 τοι
774 717 917 760 enclit.
950 719 1171 772 usurpant.
1232 716 1450 761 Praeterea
1479 718 1526 761 in
1554 719 1607 762 iis
1638 734 1806 777 quoque

394 793 586 836 dialectis
632 793 773 845 (Hom.
819 808 903 837 rec.
936 794 1022 837 ion.
1052 794 1157 837 lesb.
1190 794 1301 849 att.),
1333 795 1407 847 ubi
1436 795 1643 852 incipiens
1674 803 1731 857 ‘tf
1761 798 1807 840 in

394 883 418 910 σ
448 870 697 913 mutandum
729 874 805 923 est,
838 871 1079 913 encliticam
1109 884 1168 912 τοι
1189 873 1342 931 exstat,
1363 872 1474 927 quod
1494 887 1580 915 non
1601 888 1626 916 a
1646 873 1806 929 prima-

394 947 457 989 ria
489 951 584 1003 tfot
615 948 853 1002 profectum
893 950 958 989 est
996 948 1070 989 sed
1102 948 1155 989 ad
1185 962 1344 991 sanscr.
1377 949 1518 991 enclit.
1553 950 1639 991 dat.
1671 955 1710 992 te
1739 966 1806 993 re-

393 1024 584 1078 spondet.
647 1023 721 1066 Cfr
767 1023 942 1088 Brugm.
988 1024 1017 1066 l.
1065 1038 1100 1066 c.
1150 1025 1218 1076 66,
1257 1023 1308 1066 G.
1339 1023 1487 1080 Meyer
1517 1025 1618 1069 384.
1680 1025 1806 1069 Hunc

394 1099 635 1142 encliticam
682 1100 870 1143 dativum
916 1099 1100 1142 ethicum
1149 1113 1209 1141 τοι
1253 1100 1298 1142 in
1345 1099 1524 1143 Atthide
1570 1101 1682 1144 idem
1714 1117 1805 1160 esse

393 1176 645 1218 vocabulum
677 1179 803 1231 atque
836 1177 1076 1218 encliticam
1105 1177 1359 1231 particulam
1391 1191 1450 1217 τοι
1480 1179 1523 1219 vi
1554 1178 1806 1221 affirmativa

394 1252 617 1307 praeditam
665 1253 818 1295 docent
848 1252 897 1295 G.
929 1252 1078 1309 Meyer
1107 1252 1136 1295 l.
1169 1267 1220 1304 c.,
1253 1251 1429 1309 Brugm.
1462 1253 1491 1296 l.
1523 1241 1560 1296 c.
1593 1254 1662 1306 66,
1697 1255 1804 1305 1203

393 1329 499 1370 item
532 1328 668 1371 Cauer
698 1329 725 1370 1.
759 1344 794 1370 c.
831 1330 928 1379 141,
960 1329 1216 1370 sententiam
1246 1327 1549 1385 Naegelsbachi
1572 1331 1804 1384 amplexus,

394 1403 545 1446 Altera
573 1404 785 1460 particula
817 1418 888 1453 τοι,
920 1419 1013 1460 quae
1045 1405 1310 1449 orthotonica
1341 1407 1406 1447 est
1434 1407 1476 1447 et
1496 1405 1805 1449 conclusionem

392 1481 605 1536 quandam
636 1480 864 1537 significat,
895 1478 1125 1522 secundum
1156 1480 1365 1523 Gauerum
1396 1481 1424 1524 l.
1457 1495 1493 1523 c.
1527 1481 1610 1523 142
1642 1496 1718 1536 pro
1739 1482 1804 1524 lo-

394 1558 532 1599 cativo
563 1558 707 1613 stirpis
739 1557 1079 1599 demonstrativae
1113 1571 1156 1597 το
1175 1557 1373 1599 habenda
1394 1559 1470 1599 est.
1501 1581 1552 1587 —
1575 1557 1675 1599 Jam
1706 1561 1804 1600 ante

393 1634 535 1676 monui
582 1633 794 1676 Ahrensio
839 1634 969 1675 fuisse
1000 1648 1244 1688 persuasum
1278 1633 1508 1676 Dorienses
1539 1634 1644 1676 illud
1676 1634 1805 1676 encli-

392 1709 525 1752 ticum
556 1723 615 1750 τοι
646 1724 723 1765 pro
754 1709 894 1752 dativo
925 1707 1021 1752 11:ae
1052 1723 1243 1764 personae
1274 1709 1534 1764 pronominis
1556 1724 1803 1765 usurpasse3

393 1785 472 1828 hoc
518 1800 618 1828 vero
649 1799 807 1841 negare
839 1785 1010 1827 videtur
1038 1785 1088 1828 G.
1120 1785 1269 1840 Meyer
1298 1785 1328 1828 l.
1361 1800 1412 1837 c.,
1444 1785 1518 1827 ubi
1548 1787 1715 1827 tantum
1745 1798 1805 1825 τοι

393 1860 704 1904 orthotonicum
736 1862 925 1903 doricum
965 1862 1095 1903 fuisse
1127 1862 1288 1903 statuit.
1351 1860 1395 1903 Si
1427 1862 1488 1903 ita
1519 1863 1595 1912 est,
1629 1876 1682 1903 ex
1713 1859 1804 1902 Ho-

392 1938 551 1980 merico
582 1952 773 1981 sermone
806 1938 1047 1980 encliticum
1079 1951 1138 1978 τοι
1168 1938 1368 1995 petivisse
1400 1936 1674 1980 Theocritum
1706 1950 1805 1979 con-

387 2015 589 2070 jiciamus
635 2029 806 2057 necesse
853 2016 930 2057 est.
978 2039 1032 2044 —
1065 2014 1324 2057 Encliticum
1355 2028 1414 2055 τοι
1445 2029 1522 2069 pro
1553 2013 1804 2056 affirmativa

391 2091 603 2147 particula
634 2092 710 2144 (--—-
738 2091 942 2147 profecto)
981 2093 1230 2146 usurpatum
1267 2107 1306 2134 v.
1340 2092 1396 2134 83
1426 2091 1616 2147 legitur),
1648 2091 1705 2130 τίν
1735 2104 1802 2133 w.

393 2168 463 2220 89,
500 2169 581 2210 109
614 2167 778 2222 (Boeot.
811 2168 900 2210 dor.
933 2168 1018 2210 dat,
1051 2169 1108 2208 τίν
1130 2170 1200 2219 (ex
1221 2163 1332 2227 tfiv)
1354 2167 1510 2222 ubique
1532 2166 1642 2222 apud
1665 2165 1803 2208 Theo-

392 2244 545 2286 critum
592 2244 767 2299 longam
811 2247 988 2299 usurpat
1032 2244 1233 2287 vocalem.
1296 2243 1478 2299 Legitur
1523 2244 1579 2283 τίν
1626 2242 1671 2284 in
1716 2242 1802 2284 idd.

390 2319 657 2362 Theocriteis
689 2320 923 2372 duodecies,
958 2320 1021 2362 bis
1052 2320 1097 2361 in
1128 2319 1462 2376 epigrammatis.
1526 2313 1610 2360 'I'er
1640 2317 1714 2370 (id.
1745 2315 1802 2359 Π.

391 2398 461 2450 20,
494 2397 551 2440 id.
583 2394 663 2438 ΙΙΙ.
698 2398 767 2448 33,
800 2396 872 2447 52)
903 2397 1105 2439 vacillant
1134 2396 1247 2439 libri.
1310 2395 1439 2451 Apud
1470 2394 1702 2437 Pindarum
1725 2407 1737 2433 ι
1759 2395 1803 2435 et

389 2473 565 2529 longum
596 2475 639 2515 et
669 2473 797 2515 breve
830 2474 906 2515 est.
968 2471 1017 2514 In
1049 2472 1277 2515 Homerica
1307 2472 1455 2528 lingua
1477 2471 1529 2513 ad
1551 2472 1608 2511 τίν
1629 2484 1803 2525 respon-

391 2551 463 2592 det
494 2545 574 2590 τεΐν
606 2552 675 2600 (ex
697 2545 843 2605 tefiv),
866 2550 985 2605 cujus
1008 2549 1058 2591 de
1080 2549 1219 2591 finalis
1241 2549 1415 2605 syllabae
1438 2547 1675 2603 quantitate
1697 2544 1803 2587 nihil

388 2641 467 2682 pro
499 2625 615 2669 Certo
645 2625 774 2668 statui
804 2626 984 2681 potest);
1016 2625 1121 2670 lesb.
1152 2625 1279 2669 Hom.
1311 2622 1430 2681 ὔμμιν
1461 2639 1501 2667 v,
1532 2624 1574 2666 4.
