2056 3176
940 250 993 258 ..-
1028 212 1170 269 16—

345 360 421 388 nes
453 348 497 389 et
526 345 627 389 libri
658 348 702 388 et
732 345 914 388 editores
945 345 1255 403 consentientes
1278 359 1305 386 α
1325 346 1532 402 praebent.
1590 335 1765 395 vocalis
1918 400 1924 412 ἢ

347 437 375 463 α
404 423 449 465 in
478 423 570 478 ¹35(st⁴
592 423 696 478 quin
726 423 782 464 sit
811 422 1045 474 retinenda,
1077 436 1161 464 non
1183 424 1248 463 est
1269 422 1458 476 dubium,
1482 439 1611 479 quum
1633 410 1765 469 etiam

349 498 462 555 apud
502 498 750 550 Homerum,
792 498 909 541 cuius
940 512 1178 540 sermonem
1209 497 1254 540 in
1285 497 1364 541 hoc
1396 499 1543 555 idyllio
1573 501 1766 545 imitatur

348 577 487 631 poeta,
526 575 610 616 θεά
646 575 829 632 legatur.
892 574 959 617 De
1004 574 1176 630 proprio
1207 575 1375 617 nomine
1407 577 1518 631 quod
1549 580 1614 619 est
1644 575 1766 625 Ἴδας
1814 569 1819 572 ’

347 651 462 694 haud
509 652 596 694 scio
634 667 689 694 an
720 652 979 694 contrarium·
1008 651 1278 693 statuendum
1310 652 1378 693 sit.
1441 651 1570 707 Apud
1602 653 1763 697 Home-

347 743 455 780 rum,
487 729 693 783 quantum
724 728 825 780 scio,
857 728 939 769 nisi
966 727 1180 783 genitivus
1210 726 1336 769 huius
1359 728 1473 770 vocis
1495 738 1577 771 non
1601 731 1762 773 exstat:

329 801 468 845 ε’Ἴδεω
513 802 563 846 Il.
611 802 688 848 IX.
737 804 835 846 558.
898 802 981 846 Sed
1027 803 1168 854 miror,
1211 804 1324 858 quod
1356 803 1463 847 Ahr.
1495 820 1535 848 v,
1568 806 1652 847 205
1686 807 1764 861 μάν

348 881 525 924 arbitrio
565 881 752 933 retinuit,
784 881 1021 936 praesertim
1054 895 1184 936 quum
1215 895 1254 922 v.
1292 881 1372 923 152
1407 868 1484 936 μήν
1516 883 1762 926 correxerit.

349 943 493 1001 Etiam
536 955 681 1014 Λήδης
712 958 897 1000 scribere
930 957 1090 1010 debuit,
1123 957 1159 999 si
1191 950 1637 1015 constanterfecis’set
1667 958 1762 1014 (cfr.

350 1032 490 1091 Λήδην
538 1033 665 1076 Hom.
714 1033 792 1077 Od.
840 1033 916 1076 XI.
949 1035 1064 1084 298).
1099 1057 1153 1063 -
1187 1034 1397 1088 Equidem
1429 1037 1533 1090 puto
1565 1018 1639 1077 aut
1669 1049 1764 1077 cum

349 1110 561 1152 Ahrensio
593 1111 735 1165 epicas
766 1111 923 1153 forinas
955 1124 980 1165 η
1003 1110 1281 1161 continentes,
1304 1111 1461 1165 ubique
1484 1094 1771 1154 restituendas*

349 1201 440 1229 esse
475 1211 523 1217 —-
561 1186 691 1229 etiam
722 1184 854 1242 Ἴδης,
888 1183 1044 1242 Λήδης,
1078 1188 1156 1242 μήν
1177 1185 1322 1242 legere
1346 1186 1472 1228 velim
1498 1211 1546 1217 —-
1575 1188 1647 1229 aut
1669 1201 1764 1229 cum

347 1263 564 1304 Meinekio
594 1263 749 1317 ubique
782 1263 1025 1304 retinendas
1057 1263 1310 1316 optimorum
1344 1262 1547 1305 librorum
1581 1263 1764 1317 scriptu-
1819 1317 1827 1325 ,
1853 1275 1887 1325 s

348 1355 430 1383 ras.
492 1339 755 1395 Quamquam
788 1355 841 1381 ne
874 1339 1115 1382 Meinekius
1147 1339 1318 1394 quidem
1351 1339 1394 1381 in
1416 1339 1609 1382 codicum
1630 1339 1763 1395 scrip-

348 1416 454 1458 turis
502 1416 718 1458 servandis
764 1416 846 1458 sibi
893 1415 1104 1467 constitit3
1152 1415 1270 1457 velut
1301 1415 1560 1457 Ahrensium
1592 1418 1760 1457 secutus
1809 1437 1826 1442 ⁴·

349 1491 456 1547 ὅππῃ
501 1509 541 1535 v,
587 1494 636 1534 11
671 1493 792 1548 legit,
825 1508 1080 1547 quamquam
1113 1493 1156 1534 in
1187 1493 1310 1534 libris
1341 1490 1420 1547 ὅπη
1450 1492 1519 1535 vel
1550 1489 1659 1532 ὅππα
1690 1507 1763 1534 ex-

348 1570 447 1613 stat.
508 1567 577 1611 Ad
617 1568 726 1612 hanc
773 1568 1047 1625 quaestionem
1080 1567 1393 1611 diiudicandam
1424 1583 1506 1611 non
1538 1567 1645 1611 nihil
1676 1567 1763 1611 for-

350 1647 462 1687 tasse
508 1645 635 1697 valet,
682 1645 793 1700 quod
840 1645 1004 1687 codices
1036 1659 1088 1686 ne
1120 1645 1163 1686 in
1196 1644 1344 1686 iisdem
1378 1644 1548 1700 quidem
1579 1644 1763 1696 vocibus,

349 1722 509 1774 formis,
541 1722 752 1764 radicibus
784 1722 1019 1764 scribendis
1041 1722 1323 1763 constantiam
1347 1725 1632 1764 servaverunt.
1680 1720 1764 1762 Mi-

348 1813 442 1840 rum
489 1812 589 1840 sane
636 1800 759 1850 esset,
806 1797 841 1839 si
881 1800 1007 1852 poeta
1053 1797 1292 1852 scripsisset
1324 1793 1575 1851 Τυνδαρίδας
1604 1812 1644 1839 v.
1678 1797 1762 1838 202

350 1877 393 1916 et
439 1870 668 1928 Τυνδαρίδα
710 1889 748 1916 v.
786 1874 868 1917 136
903 1898 956 1903 —
990 1874 1063 1916 sed
1096 1870 1347 1929 Τυνδαρίδης
1377 1888 1416 1916 v.
1451 1874 1520 1926 89,
1554 1874 1691 1928 μάχαν
1722 1887 1761 1915 v.

349 1951 404 1994 90
440 1975 488 1980 —
525 1951 598 1993 sed
647 1952 760 2006 μάχη
801 1957 840 1993 v.
887 1952 983 2001 107,
1018 1952 1154 2006 μάχην
1185 1966 1224 1993 v.
1259 1952 1358 2002 200,
1392 1952 1531 2006 μάχης
1563 1964 1630 1992 vv.
1665 1949 1763 2001 145,

350 2029 448 2080 192,
496 2029 599 2068 νάων
646 2043 685 2070 v.
728 2028 768 2080 8,
810 2034 912 2073 νᾶας
943 2043 982 2070 v.
1017 2029 1085 2080 17,
1120 2030 1214 2073 ναός
1245 2043 1283 2070 v.
1320 2029 1373 2070 79
1409 2051 1462 2056 —
1495 2027 1567 2068 sed
1600 2028 1694 2082 νηός
1723 2041 1762 2068 v.

349 2105 419 2157 31,
452 2109 552 2161 νῆας
583 2119 623 2148 v.
657 2105 756 2157 219,
790 2101 1007 2145 ἀλλάλοισι
1039 2119 1078 2148 v.
1113 2105 1182 2157 82,
1217 2101 1426 2150 ἀλλάλους
1445 2118 1485 2146 v.
1512 2103 1609 2156 108,
1634 2100 1764 2143 ἀλλά-

347 2181 427 2221 λων
473 2197 512 2223 v.
555 2182 638 2222 188
672 2205 725 2210 —-
759 2182 832 2222 sed
878 2179 1152 2236 ἀλλήλοισιζν)
1183 2197 1250 2223 vv.
1286 2182 1385 2231 142,
1420 2182 1518 2231 192,
1551 2180 1693 2219 θαεῖτο
1725 2194 1763 2220 v.

348 2258 434 2300 200
468 2281 522 2285 —
555 2256 629 2299 sed
660 2256 878 2312 θηεὺμενοι
909 2272 948 2300 v.
982 2257 1052 2310 36,
1093 2255 1263 2308 πλατεῖς
1295 2272 1361 2300 vv.
1396 2256 1493 2307 105,
1530 2255 1626 2306 198,
1658 2253 1763 2294 πλα-
1824 2314 1841 2323 Ὀ

347 2339 439 2384 γαῖς
469 2349 508 2374 v.
545 2334 642 2384 110,
674 2332 822 2378 πλᾶξεν
853 2349 892 2374 v.
928 2334 1011 2374 124
1045 2357 1097 2362 --
1132 2334 1205 2374 sed
1238 2333 1413 2387 πληγαῖς
1443 2347 1483 2374 v.
1509 2333 1578 2380 98,
1603 2330 1764 2369 δαλεῖτο

346 2425 386 2452 v.
437 2409 520 2451 127
567 2433 620 2438 -·
661 2409 736 2450 sed
768 2407 1030 2464 δηλήσασθαι
1062 2425 1101 2451 v.
1138 2410 1234 2461 189,
1268 2414 1381 2463 σᾶμα
1412 2423 1450 2450 v.
1488 2407 1570 2450 199
1605 2431 1658 2436 —-
1691 2405 1764 2447 sed

349 2488 592 2543 σημαίνοισα
638 2501 678 2528 v.
727 2487 782 2528 22
831 2488 909 2528 etc.
973 2485 1064 2536 Qua
1095 2502 1148 2529 ex
1178 2486 1406 2528 lectionum
1439 2484 1646 2527 varietate
1677 2482 1765 2526 for-

347 2565 461 2605 tasse
509 2562 712 2619 colligere
759 2562 860 2604 licet
904 2562 984 2605 hac
1024 2562 1067 2605 in
1107 2577 1153 2605 re
1185 2563 1377 2604 codicum
1410 2559 1651 2604 auctoritati
1682 2573 1765 2601 non

347 2641 524 2681 nimium
558 2654 650 2681 esse
682 2640 966 2683 tribuendum.
1028 2640 1166 2689 Quare
1200 2664 1252 2669 —-
1288 2640 1367 2681 etsi
1399 2638 1506 2680 nihil
1536 2652 1614 2691 pro
1650 2638 1765 2678 certo
