2056 3176
812 227 866 234 —
901 203 995 247 127⁷
1019 227 1074 233 —

861 313 1018 388 mxl

470 440 540 485 De
571 439 821 485 nonnullis
852 439 965 484 aliis
996 438 1413 498 productionibus.

326 571 328 573 ¹
380 552 490 596 Satis
522 554 689 595 constat
719 553 832 607 apud
863 551 1098 595 Homerum
1128 553 1301 594 brevem
1331 551 1520 594 vocalem
1541 551 1648 593 fina-

237 630 323 689 lem
367 629 437 672 hic
483 629 570 672 illic
601 630 849 685 productam
881 644 972 679 esse
1003 630 1102 671 ante
1133 630 1378 684 sequentem
1410 628 1649 683 simplicem

239 721 477 749 consonam.
540 706 727 748 Maxime
757 706 945 761 pertinet
966 706 1035 748 hic
1056 720 1160 748 usus
1178 706 1231 747 ad
1253 720 1323 747 eas
1345 706 1496 747 breves
1517 704 1648 760 sylla-

239 784 316 827 bas
361 783 522 835 finales,
568 797 673 838 quas
705 782 863 837 excipit
907 766 1159 825 vocabulum
1205 797 1230 824 a
1275 778 1437 837 liquida
1468 795 1649 825 consona

221 843 461 915 incipiens.
523 860 588 901 De
634 859 876 914 hujusmodi
913 859 1199 914 productionis
1230 859 1395 914 origine
1427 859 1650 913 ambigunt

238 936 321 979 viri
367 936 490 979 docti.
553 936 706 978 Hartel
752 935 875 978 docet
919 937 1081 978 naturae
1129 938 1171 977 et
1215 950 1316 978 sono
1355 935 1438 990 ipsi
1468 934 1650 991 pleniori

240 1013 412 1069 liquidae
445 1010 635 1056 consonae
668 1013 828 1065 deberi,
859 1014 902 1055 et
933 1013 1041 1068 quod
1071 1015 1167 1054 ante
1189 1012 1424 1067 simplicem
1444 1012 1650 1072 liquidam

198 1095 201 1096 ⁷
240 1090 285 1131 in
330 1090 468 1132 fronte
514 1090 627 1131 vocis
673 1089 933 1144 insequentis
978 1089 1161 1143 positam
1205 1089 1463 1143 producatur
1509 1089 1649 1131 brevis

239 1166 396 1208 vocalis
427 1166 581 1218 finalis,
614 1168 656 1208 et
686 1166 796 1221 quod
827 1165 869 1207 in
902 1165 1051 1207 mediis
1082 1165 1254 1208 vocibus
1287 1164 1345 1214 (h.
1368 1180 1404 1207 e.
1427 1165 1649 1220 injunctis

239 1242 455 1285 vocabulis
487 1245 529 1284 et
559 1242 603 1284 in
635 1242 780 1284 formis
813 1242 1053 1284 verbalibus
1085 1243 1312 1298 augmento
1334 1242 1541 1297 praeditis)
1572 1242 1648 1297 gess

241 1320 402 1362 minata
447 1320 687 1362 inveniatur
732 1319 906 1375 liquida.
968 1319 1135 1361 Harteli
1171 1319 1436 1364 adversarius
1483 1319 1649 1361 exstitit

241 1396 409 1439 Curtius
441 1395 577 1449 (Stud.
610 1394 687 1439 IV.
718 1396 982 1449 473—491).
1042 1395 1190 1437 Monet
1221 1395 1389 1438 Curtius
1416 1395 1463 1450 (l.
1486 1410 1521 1438 c.
1544 1396 1648 1447 480)

242 1488 294 1515 ex
339 1474 549 1514 sententia
596 1472 765 1514 Harteli
810 1487 945 1526 neque
988 1487 1207 1526 apparere,
1255 1487 1348 1526 quae
1382 1472 1511 1513 fuerit
1540 1473 1649 1514 ratio

241 1548 354 1591 inter
399 1547 436 1597 λ,
485 1562 526 1604 μ,
546 1561 606 1604 ἰν,
655 1561 676 1602 ρ
722 1547 908 1590 initiales
955 1550 998 1589 et
1038 1547 1205 1589 easdem
1237 1561 1441 1590 consonas
1472 1547 1516 1589 in
1546 1562 1648 1591 voce

241 1626 380 1666 media
411 1626 571 1678 positas
603 1629 645 1665 et
675 1638 708 1671 ν,
742 1638 764 1677 ρ
795 1625 956 1673 finales,
988 1638 1123 1677 neque
1163 1624 1356 1678 intellegi
1387 1639 1523 1678 posse,
1555 1626 1649 1678 qui-

242 1701 320 1744 bus
366 1701 417 1743 de
464 1701 600 1743 causis
638 1700 801 1756 plenior
830 1700 904 1742 illa
934 1700 1106 1756 liquidae
1137 1700 1200 1743 vis
1231 1700 1276 1742 in
1305 1700 1451 1755 paucis
1482 1701 1649 1743 tantum

242 1777 445 1835 stirpibus
485 1780 653 1819 servata
699 1777 766 1818 sit.
830 1777 1005 1819 Constat
1035 1776 1168 1818 multa
1198 1777 1403 1818 vocabula
1433 1792 1458 1818 a
1488 1777 1650 1831 liquida

243 1854 469 1910 (imprimis
510 1859 549 1908 ρ)
590 1854 838 1909 incipientia
869 1855 967 1896 ante
998 1853 1203 1909 liquidam
1233 1853 1440 1896 initialem
1472 1854 1650 1896 alteram

242 1930 343 1990 olim
373 1930 570 1973 habuisse
602 1945 827 1973 consonam
858 1932 898 1981 (σ
928 1930 997 1973 vel
1027 1931 1094 1987 f),
1128 1945 1210 1984 qua
1230 1945 1275 1972 rc
1298 1932 1529 1972 commotus
1551 1945 1650 1972 con-

242 2007 380 2049 tendit
406 2006 580 2049 curtius
610 2007 656 2048 in
685 2006 899 2048 nonnullis
920 2006 1092 2050 vocibus
1114 2006 1347 2060 pleniorem
1368 2008 1412 2048 et
1432 2006 1651 2048 fortiorem

242 2081 360 2140 illam
405 2083 577 2138 liquidae
622 2083 709 2125 vim
741 2073 809 2125 >ad
851 2082 1100 2137 positionem
1131 2082 1393 2124 efficiendam
1424 2084 1568 2137 aptam
1599 2097 1651 2125 ex

160 2155 162 2158 ¹
221 2158 404 2214 -duplici
444 2174 626 2202 consona
664 2159 920 2215 primigenia
959 2161 1094 2201 ortam
1125 2173 1215 2201 esse
1246 2161 1338 2201 tum
1369 2174 1446 2214 per
1475 2174 1651 2214 pravam

244 2312 461 2355 ductiones
507 2313 643 2367 (486).
705 2313 900 2367 Denique
940 2312 1068 2354 liceat
1097 2311 1203 2353 mihi
1232 2311 1324 2354 haec
1356 2311 1492 2354 Curtii
1521 2313 1653 2354 verba

244 2464 370 2521 zeigt,
402 2466 538 2508 denke
568 2465 652 2519 ich,
686 2481 753 2507 am
775 2465 1068 2516 deutlichsten5
1103 2465 1198 2507 dass
1218 2465 1296 2507 wir
1317 2480 1361 2506 es
1382 2464 1502 2507 nicht
1523 2465 1652 2507 allein

245 2541 325 2584 mit
373 2542 746 2607 naturwl'ichsigen
796 2541 1269 2597 Spmcherzeugnissen,
1327 2542 1507 2584 sondern
1557 2557 1652 2583 zum

244 2615 371 2661 Theil
400 2620 479 2661 mit
509 2619 646 2662 einem
678 2619 1041 2662 conventionellen
1071 2618 1269 2661 Element
1298 2633 1348 2661 zu
1369 2618 1477 2660 thun
1496 2618 1651 2671 haben,

245 2236 495 2292 analogiam
530 2237 668 2292 magis
713 2237 934 2292 magisque
971 2236 1251 2278 increbruisse
1283 2235 1524 2291 hujusmodi
1554 2229 1661 2291 pro?

188 2400 192 2403 ·
245 2388 418 2432 afferre:
474 2389 578 2442 „Die
625 2404 768 2445 grosse
808 2388 915 2431 Zahl
961 2389 1035 2430 der
1080 2402 1187 2444 ganz
1217 2388 1499 2431 vereinzelten
1531 2388 1650 2430 Fiille
1686 2420 1689 2423 ι

2003 0 2024 15 Α,

2033 156 2053 168 J
2050 144 2053 147 Α
2052 121 2056 129 .
2019 0 2056 112 μα”ἳδῧῆ
