2056 3176
850 215 1080 260 —43-

402 333 684 391 διαχρησείται
713 349 754 378 v.
787 335 857 388 54,
889 333 1122 391 φθεγξεῖται
1152 349 1192 378 v.
1215 335 1286 387 99,
1307 347 1486 390 quorum
1506 336 1671 376 utrum-

182 440 185 444 ·
259 427 341 469 que
387 412 432 454 in
477 411 562 454 arsi
593 411 775 468 positam
807 412 971 467 praebet
1001 413 1261 454 contractam
1291 410 1514 467 syllabam.
1575 409 1668 453 Sec.

259 488 367 532 Ahr.
398 488 427 532 1.
459 503 495 532 ο.
528 489 599 540 27,
631 489 717 531 300
749 504 775 531 a
805 488 1083 532 Doriensibus
1115 487 1409 544 διαχρησείται,
1436 486 1670 544 φθεγξείται

259 565 540 609 scribebatur.
602 563 676 607 cfr
707 563 763 608 Gn
788 564 939 621 Meyer
969 564 1055 607 472
1087 579 1175 620 seq.

401 644 445 693 3)
475 641 521 685 in
551 641 731 684 flexione
762 641 986 684 verborum
1015 655 1109 697 quae
1142 642 1358 684 conssracta
1389 640 1607 683 dicunfiur:

399 719 444 762 in
473 717 585 762 thesi
616 717 754 775 posita
784 720 850 761 est
879 719 1097 762 contracta
1126 717 1317 775 syllaba:

402 793 535 843 ἐδόκει
573 811 613 839 v.
657 797 727 850 32,
759 795 931 838 τελεῖται
963 811 1001 839 v.
1035 797 1106 849 62,
1137 795 1287 851 θάρσει
1317 811 1357 839 v.
1391 794 1461 849 73,
1493 793 1670 853 φιλεῖται

258 889 298 917 v.
331 874 411 924 86;

400 951 446 993 in
476 949 561 992 arsi
590 949 731 1005 posita
761 951 825 992 est
856 951 1072 993 contracta
1102 948 1290 1005 syllaba:

402 1025 515 1082 ἔγχει
544 1041 584 1070 v.
617 1027 687 1079 31,
720 1025 902 1068 δαλεῖται
931 1042 972 1070 v.
1003 1027 1075 1078 48,
1106 1027 1255 1081 θάρσει
1285 1041 1354 1069 vv.
1387 1027 1456 1079 13,
1489 1026 1559 1078 56,
1591 1039 1667 1067 ne-

259 1106 341 1161 que
372 1102 571 1160 prohibei:
601 1104 796 1157 metrum,
818 1103 1040 1160 quominus
1062 1101 1174 1159 ἔγχε’
1196 1099 1302 1157 ὕδωρ
1322 1117 1363 1146 v.
1385 1103 1455 1156 31,
1477 1100 1670 1143 δαλὲεται

259 1196 298 1224 v.
331 1181 401 1234 48,
433 1181 588 1235 θάρσεε
618 1196 685 1224 vv.
719 1181 788 1234 13,
821 1182 876 1224 56
907 1180 1113 1237 legamus.

401 1257 445 1308 4)
476 1256 521 1298 in
566 1271 654 1299 aor.
684 1256 848 1312 redupl
880 1256 959 1310 (?):
1007 1254 1116 1303 εἶπες
1139 1256 1170 1307 ¹)
1201 1267 1239 1299 v·
1274 1226 1344 1309 25,
1376 1253 1492 1302 εἶπας
1524 1270 1564 1299 v.
1596 1256 1668 1306 38,

261 1331 337 1375 εἶπ’
369 1349 408 1377 v.
443 1333 511 1377 77.
572 1332 733 1376 Aoristi
766 1330 888 1386 εἶπον,
921 1332 1052 1385 ἔειπον
1082 1333 1304 1389 quominus
1335 1348 1388 1376 ex
1417 1337 1667 1392 fe-feae-ov,

261 1408 536 1470 ἐ-Γε-Γεπ-ον
577 1410 897 1462 deducerentur,
941 1405 1118 1453 formam
1159 1410 1264 1453 lesb.
1306 1407 1492 1468 (Γ)εἴπην
1522 1408 1669 1466 prohi-

259 1487 360 1531 bere
402 1487 492 1543 jam
540 1486 701 1529 monuit
747 1486 915 1530 Curtius
946 1485 1076 1530 Verb.
1110 1484 1167 1530 II.
1206 1487 1261 1529 27
1294 1500 1382 1542 seq.
1448 1485 1532 1539 „Es
1561 1485 1670 1542 liegt

2 1611 52 1627 ,Η
93 1613 95 1615 ,
257 1563 368 1606 nahe
414 1564 484 1606 ein
525 1563 636 1605 nach
667 1563 878 1620 Analogie
909 1563 1235 1620 sanskritischer
1271 1563 1452 1605 Formen
1483 1563 1562 1606 wie
1592 1572 1668 1604 an·

22 1632 78 1698 ‘
257 1641 368 1683 ina-t
396 1640 633 1697 gebildetes
663 1646 889 1700 fe-fm-ov
919 1636 1308 1684 vorauszusetzen&
1369 1639 1461 1684 Sec.
1492 1639 1670 1684 Meister

85 1706 93 1710 '¹
116 1714 120 1716 ’
260 1717 312 1760 71
337 1717 630 1773 antiquissima
650 1717 787 1759 forma
808 1731 950 1774 graeoa
972 1715 1204 1775 ὲ-Γε-ιπ-ον
1226 1717 1329 1768 fuit3
1362 1717 1510 1760 aeolica
1530 1717 1667 1759 forma

258 1795 312 1836 ad
342 1794 452 1836 hanc
482 1795 739 1849 respondens
768 1786 869 1848 ᾗποῦ
900 1809 991 1836 esse
1023 1794 1181 1837 debuit.
1244 1794 1318 1837 Cfr
1345 1794 1460 1837 Curt.
1483 1793 1667 1837 Grundz.

258 1870 344 1933 459
391 1884 479 1926 seq.
541 1869 728 1913 Auctore
775 1870 920 1913 Curtio
949 1869 1082 1914 Verb.
1113 1868 1170 1913 ΙΙ.
1203 1871 1259 1913 38
1292 1860 1547 1930 sz-J-'e-fzt-ov
1576 1870 1667 1926 pri-

258 1947 490 2003 migeniam
520 1946 652 1989 fuisse
683 1948 878 1999 formam,
910 1962 962 1989 ex
993 1962 1077 2002 qua
1107 1947 1296 2002 prodiret
1317 1945 1462 1995 ἔειπον,
1485 1947 1670 2002 conjecit

259 2022 388 2073 Fick3
419 2023 493 2066 sed
524 2038 577 2065 ne
607 2023 700 2066 haec
731 2023 902 2079 quidem
932 2022 1173 2079 explicandi
1200 2022 1307 2066 ratio
1328 2025 1402 2066 aut
1422 2022 1472 2067 G.
1494 2022 1670 2080 Meyero

259 2097 383 2154 (463)
415 2087 489 2142 aut
519 2096 795 2157 Brugmanno
828 2100 872 2152 (l.
906 2114 942 2142 c.
975 2101 1048 2151 80)
1080 2100 1297 2155 probatur.

398 2175 555 2221 Solutae
601 2177 873 2221 inveniuntur
920 2191 960 2218 εε
1006 2177 1171 2221 vocales
1201 2176 1246 2220 in
1275 2174 1495 2232 Δωριέεσσι
1525 2193 1565 2221 v.
1597 2178 1668 2222 93.

390 2240 472 2302 ίἐξει,
495 2256 543 2297 ut
563 2254 607 2296 in
628 2254 825 2297 universa
845 2253 1005 2297 Doride
1027 2254 1120 2297 fieri
1141 2254 1261 2307 solet,
1283 2253 1329 2297 in
1351 2268 1386 2295 ει
1407 2254 1669 2298 coalescunt:

260 2327 442 2376 ἀποικεῐς
486 2346 525 2372 v.
574 2330 615 2382 7,
660 2336 825 2386 κοσμεῖν
863 2346 904 2374 v.
946 2331 1016 2383 24,
1049 2329 1111 2371 δεῖ
1138 2346 1206 2373 vv.
1238 2332 1308 2383 29,
1341 2332 1411 2381 41,
1445 2329 1599 2385 ἐπιρρεῖ
1627 2347 1666 2374 v.

260 2407 330 2459 59,
363 2412 508 2463 φασεῖς
537 2422 575 2450 v.
611 2408 679 2459 79,
712 2404 797 2461 ἐρεῖ
825 2422 863 2450 v.
899 2401 997 2460 126,
1027 2413 1159 2448 κεντεῖ
1187 2423 1226 2450 v.
1252 2408 1351 2461 130,
1372 2405 1482 2464 ἡξεῐς
1503 2423 1543 2451 v.
1568 2408 1666 2461 144,

260 2488 382 2539 φωνεῖ
409 2498 449 2525 v.
483 2483 581 2526 146.

405 2593 433 2639 ¹)
459 2588 554 2634 εἶπες
577 2607 613 2641 p.
638 2595 675 2631 k.
700 2594 814 2641 Ziegl.
839 2595 897 2631 Fr.
915 2589 1016 2635 εἶπας
1033 2607 1063 2632 e.
1081 2607 1108 2631 s.
1126 2595 1228 2642 vulg.
1247 2592 1359 2635 εἴπαις
1375 2595 1489 2642 Toup.
1507 2595 1664 2632 Brunck.
1683 2640 1685 2642 q

258 2651 347 2688 Ahr.
373 2652 484 2690 Mein.
509 2653 600 2690 Hill.
650 2654 741 2692 Cum
765 2654 998 2692 Morsbachio
1021 2655 1067 2692 69
1083 2655 1182 2693 hunc
1199 2654 1320 2693 locum
1338 2656 1550 2704 corruptum
1566 2657 1668 2705 puto.
