2056 3176
809 216 1060 260 -123—

368 335 413 378 in
441 335 607 391 syllaba
636 334 796 391 quintae
827 335 933 378 arsis
963 335 1127 390 priore:
1159 333 1254 376 XV.
1287 335 1344 377 40
1376 332 1526 386 δάκνει,
1551 333 1631 376 101

227 409 466 470 Ἀφροδίτα,
498 411 636 454 XVII.
669 413 725 454 45
757 409 994 469 Ἀφροδίτα,
1025 410 1163 454 XXII.
1198 413 1282 454 170
1312 413 1483 465 πατρός;

368 489 414 530 in
458 488 623 543 syllaba
668 488 773 530 arsis
819 488 978 544 quintae
1009 488 1166 531 altera:
1207 486 1302 530 XV.
1336 489 1362 530 5
1394 483 1634 541 τεθρίππων,

230 567 284 608 18
329 562 582 618 Διοκλείδας,
615 567 671 608 30
704 564 897 621 ἄπληστε,
919 565 991 607 43
1023 562 1264 619 ἀπόκλᾳξον,
1298 565 1351 607 77
1385 561 1633 617 ἁποκλᾴξας,

229 643 283 690 78
316 640 511 698 ἄθρησον,
543 643 595 685 81
632 641 820 697 ἔγραψαν,
855 643 937 685 147
959 640 1212 694 Διοκλείδας,
1233 640 1393 684 XVIII.
1420 642 1473 682 12
1496 638 1635 696 ἐχρῆν,

226 717 364 760 XVII.
400 719 483 760 136
517 714 756 774 ἀπόβλητον,
787 717 924 760 XXII.
959 719 1044 761 133
1073 717 1318 774 κικλήσκων,
1346 718 1431 759 205
1453 718 1633 771 πατρῴῃ.

364 795 561 852 Apparet
607 810 659 837 ex
704 795 863 847 tabula,
904 810 1031 851 quam
1062 810 1103 851 p.
1136 796 1188 839 91
1224 794 1449 850 descripsit
1478 793 1634 846 Kunst,

226 872 403 928 hujusce
448 872 563 914 modi
608 872 893 927 correptiones
939 872 1072 923 (velut
1117 886 1188 913 eas
1236 871 1536 926 correptiones,
1584 871 1635 912 de

226 949 379 1004 quibus
425 963 553 1003 supra
597 963 669 1003 pp.
718 949 948 991 117—118
995 949 1126 991 verba
1170 948 1271 1003 feci)
1317 947 1548 1003 saepissi'me
1591 947 1635 989 in

227 1025 373 1080 quinto
418 1026 525 1080 pede
571 1025 780 1080 usurpari,
827 1025 871 1067 id
910 1026 1021 1080 quod
1052 1040 1104 1067 ex
1136 1040 1184 1067 eo
1215 1025 1512 1080 explicandum
1543 1038 1634 1066 esse

225 1102 405 1153 videtur,
437 1102 548 1156 quod
573 1116 724 1156 *versus
753 1101 947 1143 heroicus
987 1102 1201 1156 praecipuo
1231 1101 1371 1143 studio
1402 1101 1560 1156 dactyli
1590 1100 1633 1143 in

2 1096 80 1118 ····

227 1177 306 1224 hac
352 1178 450 1219 sede
496 1177 727 1232 usurpandi
772 1178 940 1219 omnino
975 1177 1155 1233 insignis
1186 1180 1262 1219 est.
1324 1177 1461 1232 Epica
1489 1179 1635 1218 tamen

0 1254 74 1300 fl*
226 1254 414 1297 carmina
460 1253 689 1306 Theocriti,
736 1269 829 1309 quae
862 1254 1146 1309 frequentiore
1176 1253 1500 1309 spondiacorum
1529 1267 1634 1308 quos

0 1317 77 1399 Ξῖ
225 1333 377 1378 meant
397 1345 594 1374 versuum
615 1346 694 1373 usu
709 1331 895 1387 insignia
911 1333 1020 1381 sunt,
1039 1345 1116 1386 pro
1131 1331 1291 1373 ratione
1309 1330 1470 1373 rariora
1485 1329 1634 1386 huJ’us·

0 1380 72 1459 {³2⁹1
225 1409 338 1451 modi
369 1408 644 1463 correptionis
674 1408 718 1450 in
748 1409 855 1463 pede
889 1407 926 1450 V
959 1408 1163 1450 exstantis
1195 1408 1389 1463 exempla
1416 1407 1633 1450 exhibent.

0 1473 62 1516 ἓ
366 1484 416 1527 In
462 1485 703 1527 universum
749 1487 891 1526 autem
937 1485 1221 1539 correptiones
1266 1499 1344 1539 pro
1388 1486 1483 1526 rata
1512 1486 1632 1539 parte

0 1563 63 1654 Ξ
225 1562 407 1604 rariores
454 1576 544 1603 esse
575 1562 618 1603 in
650 1561 808 1617 idylliis
839 1561 1041 1604 bucolicis
1073 1564 1198 1616 atque
1229 1561 1338 1603 hanc
1369 1576 1461 1603 rem
1491 1560 1630 1603 cohae-

225 1653 318 1681 rere
351 1653 446 1681 cum
476 1639 635 1694 majore
668 1638 946 1694 spondeorum
983 1638 1235 1694 frequentia,
1263 1652 1361 1693 quae
1394 1637 1449 1680 sit
1479 1637 1524 1680 in
1556 1638 1634 1680 bu-

226 1715 368 1757 colicis
400 1715 670 1767 carminibus,
703 1716 826 1757 docet
856 1715 996 1758 Kunst
1028 1716 1096 1757 92.
1159 1714 1252 1768 (cfr
1282 1715 1440 1757 ibidem
1472 1716 1497 1757 8
1530 1729 1633 1770 seq.‚

229 1793 282 1834 15
329 1796 431 1848 'seq.‚
474 1792 561 1843 21).
630 1791 703 1844 „In
732 1792 890 1848 idylliis
921 1792 1090 1848 generis
1120 1791 1317 1844 bucolici,
1348 1791 1487 1847 inquit
1517 1806 1559 1846 p.
1592 1792 1633 1843 9,

225 1869 409 1912 omnium
455 1869 736 1924 spondeorum
780 1884 978 1911 numerus
1025 1869 1236 1924 reperitur
1279 1884 1358 1924 pro
1387 1870 1482 1911 rata
1512 1871 1633 1924 parte

226 1946 447 1997 maximus,
479 1946 676 1988 minimus
707 1947 751 1988 in
782 1946 1039 1988 carminibus
1071 1946 1223 2001 epicis;
1263 1946 1449 1988 medium
1479 1945 1560 1988 hac
1590 1946 1635 1987 in

225 2037 271 2065 re
302 2024 450 2065 tenent
479 2023 617 2065 locum
648 2023 795 2079 idyllia
825 2023 1039 2065 mimica“.
1100 2022 1250 2079 Pergit
1286 2038 1327 2078 p.
1363 2023 1417 2065 15
1448 2021 1561 2065 hunc
1591 2023 1636 2064 in

225 2100 418 2143 modum:
472 2100 721 2152 „discrimen
766 2100 878 2142 inter
913 2100 1083 2156 singula
1115 2100 1349 2142 carminum
1380 2114 1540 2156 genera
1571 2100 1635 2142 in-

225 2177 441 2219 tercedere
487 2178 677 2219 videmus
718 2192 773 2219 *ac
813 2178 995 2219 maxime
1027 2177 1139 2219 inter
1168 2192 1213 2219 se
1245 2177 1414 2219 differre
1446 2177 1635 2219 carmina

178 2240 183 2311 ἶ
226 2253 418 2296 bucolica
464 2255 506 2296 et
549 2254 682 2311 epica.
743 2253 793 2296 In
814 2238 890 2296 'his
921 2254 1092 2309 quidem
1122 2268 1267 2296 versus
1297 2254 1425 2296 meris
1457 2254 1635 2310 dactylis

227 2332 480 2383 constantes,
512 2330 547 2372 si
578 2331 861 2386 frequentiam
892 2330 1154 2396 respicimus,
1186 2330 1370 2385 primum
1400 2333 1547 2373 tenent
1573 2327 1636 2373 lo-

227 2420 336 2459 cum,
367 2407 417 2470 in¹
442 2407 526 2449 illis
557 2407 772 2449 tertiam“.
835 2406 967 2449 Paulo
997 2407 1132 2449 infra:
1172 2406 1297 2459 „Quae
1319 2422 1449 2462 quum
1469 2407 1531 2449 ita
1551 2407 1637 2449 sint

223 2484 319 2539 jure
366 2485 589 2526 adfirmare
629 2498 750 2539 posse
781 2484 887 2526 mihi
917 2484 1073 2536 videor,
1105 2483 1376 2526 Theocritum
1407 2485 1451 2526 in
1484 2484 1636 2526 carmi-

226 2559 351 2603 nibus
382 2561 551 2617 generis
582 2561 693 2617 epici
725 2585 778 2590 ”—
812 2582 867 2591 —·
899 2561 944 2603 in
969 2560 1160 2603 versibus
1182 2561 1477 2617 componendis
1498 2561 1636 2617 magis

227 2636 281 2678 ad
327 2637 554 2693 aequalium
599 2637 732 2681 veluti
778 2637 1027 2681 Callimachi
1073 2652 1231 2681 morem
1276 2652 1367 2680 sese
1399 2638 1634 2694 adplicasse
