2056 3176
803 193 1032 238 „79—

267 312 364 376 *gua
401 314 650 360 nominativi
689 313 826 362 forma
855 314 898 357 in
930 314 963 354 ὠ
993 314 1188 357 desinens
1219 329 1296 370 pro
1325 314 1517 358 vocativo
1547 316 1622 358 ad—

213 389 350 448 hiberi
384 394 534 449 coepta
564 393 642 444 est,
674 391 794 447 cujus
825 391 887 434 rei
908 391 1181 434 veterrimum
1203 390 1443 447 exemplum
1465 389 1621 446 Ἐρατώ

210 454 410 527 Aspollon.
432 464 568 511 Rho'd.
591 466 671 510 III.
696 469 717 509 1
743 482 839 511 esse.
854 468 1093 523 suspicatur
1114 467 1367 509 Danielsson
1386 468 1617 510 Grammat.

180 528 183 531 .
215 562 334 591 annu
358 544 416 589 II.
448 545 518 588 25.
581 543 717 595 Quum
748 559 848 587 vero
877 546 1001 600 poeta
1022 546 1164 588 noster
1183 559 1268 587 non
1291 544 1473 600 amplius
1494 559 1620 601 quam

172 666 176 669 ,
216 604 396 682 triginta
437 623 528 665 fere
559 622 680 664 annis
712 624 809 664 ante
840 621 1038 677 Apolloni
1069 621 1224 664 Rhodii
1256 624 1424 664 aetatem
1455 622 1623 675 vixerit,

187 699 414 752 'audacius
460 699 640 743 fortasse
685 713 769 741 non
815 701 879 741 est
925 699 1176 742 contendere
1220 699 1314 741 fieri
1345 699 1545 754 potuisse,
1577 702 1624 742 ut

179 764 181 767 .
215 778 332 830 locis,
367 791 472 832 quos
502 791 630 831 supra
662 776 798 827 attuli,
830 773 862 815 Γ
865 775 969 829 οργώ
1000 775 1205 818 scriberet
1235 775 1499 819 Theocritus,
1559 820 1562 823 Δ

357 853 526 904 Forma,
557 867 651 907 quae
683 854 748 893 est
778 852 919 906 μορμὼ
949 867 990 894 v.
1022 852 1078 894 40
1110 852 1154 893 in
1175 852 1481 894 exclamatione
1502 868 1624 895 usur-

207 932 329 986 pata,
377 944 454 985 pro
490 928 682 971 vocativo
710 927 923 970 habeatur
953 912 1132 970 fortasse
1163 942 1334 970 necesse
1365 943 1450 971 non
1480 932 1558 982 est,
1589 930 1625 972 si

7 996 64 1068 '⁶2
104 1055 108 1062 ί
155 1011 157 1013 ’
215 1007 326 1049 hanc
357 1005 596 1060 explicandi
628 1005 833 1046 rationem
865 1005 1063 1058 amplecti
1094 1005 1214 1046 licet:
1260 1006 1400 1060 μορμῑώ
1431 1020 1489 1048 sc.
1521 1003 1626 1046 ἐστιν

219 1081 259 1124 ἐν
304 1079 397 1136 ὁδῷ,
444 1097 538 1137 quae
567 1083 644 1133 ,est
673 1075 813 1138 glossa
844 1080 998 1124 codicis
1029 1096 1062 1123 r.
1126 1081 1200 1123 Cfr
1229 1081 1450 1137 Aristoph.
1484 1080 1627 1139 Ἱππῆς

9 1215 13 1220 ¹
101 1213 107 1218 ι
219 1159 324 1202 693:
372 1159 512 1213 μορμὼ
559 1162 627 1198 τοῦ
668 1157 861 1212 θράσους,
894 1157 964 1200 ubi
997 1157 1305 1213 interjectionis
1335 1158 1498 1201 vicibus
1529 1159 1626 1201 fun-

129 1261 133 1265 .
218 1235 334 1291 gitur
379 1235 515 1291 forma
550 1235 596 1276 in
641 1236 673 1274 ὠ
719 1235 926 1276 desinens.
988 1234 1054 1276 De
1086 1236 1227 1288 etymo
1257 1235 1451 1278 vocabuli
1484 1237 1625 1291 μορμὼ

16 1294 48 1315 ν
219 1314 353 1367 agunt
402 1311 451 1353 L.
499 1311 648 1366 Meyer
695 1311 764 1362 76,
814 1311 910 1360 135,
958 1310 1058 1362 236,
1108 1311 1206 1362 517,
1259 1311 1412 1367 Bugge
1458 1311 1625 1354 Kuhn's

217 1386 422 1430 Zeitschr.
453 1386 547 1430 XX.
585 1388 635 1430 17
668 1401 771 1442 seq„
803 1386 979 1443 Brugm.
1011 1386 1127 1430 Curt.
1158 1386 1276 1430 Stud.
1306 1386 1405 1430 VII.
1429 1389 1527 1431 232.
1551 1389 1622 1441 35,

217 1458 272 1507 Rss
316 1464 535 1506 Fritzsche
573 1464 689 1507 Curt.
723 1463 841 1506 Stud.
872 1461 948 1506 VI.
980 1464 1080 1516 338,
1114 1465 1211 1507 343.
1273 1463 1338 1506 De
1369 1465 1626 1521 primigenia

89 1559 102 1564 ⁴·
218 1541 362 1596 stirpis
407 1541 542 1583 forma
586 1540 826 1596 hujusmodi
873 1540 1087 1582 nominum
1126 1555 1283 1596 magna
1315 1543 1378 1582 est
1408 1541 1623 1584 dissensio.

186 1671 195 1677 .,
219 1615 294 1659 Cfr
339 1616 518 1659 Kfihner
562 1615 596 1658 Ι.
644 1616 744 1668 353,
790 1616 966 1672 Brugm.
999 1615 1114 1658 curt.
1146 1615 1264 1658 Stud.
1296 1614 1373 1659 IV.
1407 1617 1492 1659 163
1521 1631 1625 1673 seq„

88 1722 91 1724 -
208 1691 317 1736 'VIL
366 1694 465 1736 311.
514 1694 583 1745 19,
623 1692 675 1735 R.
712 1692 925 1735 Fritzsche
956 1692 984 1734 1.
1017 1707 1068 1744 c.,
1099 1691 1325 1735 Windisch
1356 1692 1472 1736 Curt.
1504 1692 1624 1736 Stud.

218 1764 280 1825 ΙΙ.
310 1770 395 1813 228
428 1784 531 1827 seq„
575 1768 625 1813 G.
657 1768 805 1827 Meyer
836 1769 935 1823 316,
967 1770 1066 1813 328.
1102 1769 1392 1821 *Danielssom
1425 1769 1497 1827 qui
1527 1769 1557 1815 l.
1588 1785 1625 1815 c.

91 1844 114 1873 Ψ
132 1858 148 1873 ²
170 1836 193 1890 s
221 1848 396 1890 28—33
425 1848 566 1890 varias
597 1847 759 1890 refellit
789 1847 1033 1899 sententias,
1056 1861 1161 1902 quas
1183 1847 1234 1889 de
1256 1848 1459 1902 primaria
1479 1847 1628 1903 hujus-

218 1922 332 1966 modi
376 1912 732 1968 substantivorum
778 1923 910 1980 stirpe
956 1923 1220 1980 protulerant
1265 1923 1400 1981 Bopp‚
1448 1924 1626 1982 Benfey,

221 1999 404 2056 Curtius,
449 1991 668 2051 Kielhorn,
716 1999 958 2055 Westphal,
1004 2000 1188 2052 Ahrens,
1243 2001 1363 2054 Fick,
1409 2000 1626 2054 Saussuoe,

220 2075 396 2133 stirpem
440 2077 496 2120 ab
541 2077 664 2120 initio
710 2092 787 2133 per
831 2083 854 2120 ὃ
900 2077 1052 2120 exiisse
1099 2078 1321 2120 ostendere
1361 2080 1535 2121 conatus
1564 2082 1630 2121 est

86 2136 103 2172 7·
131 2195 134 2197 ,
172 2150 174 2153 ’
221 2152 293 2203 (42
324 2154 475 2209 seqq.).
537 2153 587 2197 G.
618 2153 779 2210 Meyer,
811 2154 884 2209 qui
914 2153 1014 2196 olim
1045 2152 1129 2208 (ed.
1161 2152 1196 2197 Ι.
1228 2155 1333 2209 271)
1360 2160 1430 2214 ωῨ·
1465 2155 1626 2197 exitum

144 2226 147 2228 ’
221 2226 409 2272 statuens
456 2230 510 2272 ad
553 2231 806 2273 sententiam
854 2230 988 2273 Curtii
1034 2233 1142 2288 (oft)
1188 2231 1378 2282 accessit,
1408 2246 1520 2273 nunc
1550 2246 1628 2286 pro

221 2305 408 2360 genuino
452 2306 598 2363 stirpis
645 2307 762 2350 exitu
791 2305 922 2350 habet
952 2308 1006 2361 ῦὶ,
1035 2306 1080 2349 in
1110 2306 1288 2350 infirmis
1319 2308 1393 2363 qui
1423 2310 1627 2351 vocantur

221 2381 388 2424 casibus
418 2384 460 2425 oi
489 2384 550 2435 (ll.
583 2383 679 2439 cc.).

275 2519 279 2523 .
361 2456 558 2503 Nominis
602 2457 784 2508 ’Ἄδωνις
829 2460 957 2503 etiam
988 2460 1118 2503 fuisse
1149 2460 1331 2503 formam
1361 2458 1502 2502 Ἀδων
1533 2476 1555 2504 e
1587 2476 1626 2504 v,

224 2533 307 2577 149
353 2531 556 2593 colligere
602 2537 716 2580 licet.
770 2525 852 2580 ‘Cfr
896 2537 1041 2589 Mein„
1084 2537 1169 2590 Fr„
1200 2537 1397 2593 Rumpel,
1429 2537 1544 2593 Pape
1576 2539 1628 2580 ad
