2056 3176
835 221 1063 265 .--1'7—--⁴

244 343 430 384 statuere
463 340 597 383 audeo
629 364 681 369 —
717 340 759 381 in
791 339 845 382 id.
878 338 1004 382 XXII
1036 340 1176 394 epicas
1208 340 1366 382 formas
1387 354 1413 396 η
1436 339 1655 382 continen-

245 420 308 459 tes
339 418 494 472 ubique
526 418 806 461 restituendas
839 417 926 458 veri
959 417 1095 457 simile
1127 417 1230 457 mihi
1264 417 1441 458 videtur.

922 586 985 650 IL,

245 688 312 732 De
344 687 547 732 vocibus
568 686 833 739 nonnulliS‚
855 700 959 744 quae
981 687 1127 731 etiam
1148 688 1198 731 in
1220 687 1398 731 Doride
1420 702 1446 743 η
1468 688 1653 732 tenent.

386 799 453 841 Ex
485 799 540 842 id.
573 798 655 841 XV
686 798 777 841 haec
809 799 939 854 elegi:

245 876 427 932 θυγάτηρ
459 892 523 918 vv.
558 876 627 927 97,
663 877 758 918 110.
805 902 846 905 -
882 875 1090 918 Schrader
1120 877 1148 919 l.
1181 892 1215 918 c.
1251 878 1481 919 281—288
1506 878 1556 919 de
1579 893 1653 919 no-

245 954 428 995 minibus
459 954 608 995 suffixo
639 967 704 1006 τερ
726 953 918 995 formatis
940 954 1157 1008 disputans
1178 954 1384 1009 originem
1407 955 1653 996 nominativi

246 1043 318 1085 τηρ
350 1031 423 1071 aut
451 1044 502 1071 ex
525 1043 597 1083 ταρ
619 1029 776 1071 vocalis
798 1043 824 1069 α
845 1030 1075 1071 mutatione
1099 1033 1171 1071 aut
1193 1045 1243 1071 ex
1266 1044 1358 1084 τερς
1378 1030 1652 1085 productione

180 1136 187 1172 ,η
245 1106 505 1160 suppletoria
550 1106 776 1159 petendam
824 1120 914 1146 esse
960 1106 1176 1146 contendit
1214 1105 1271 1160 (p.
1307 1107 1423 1157 282).
1486 1106 1567 1147 Sed
1600 1121 1651 1147 ex
1686 1102 1689 1105 ’

245 1182 384 1236 prisco
417 1182 556 1236 aliquo
587 1196 677 1235 τερ-τ
708 1183 751 1223 in
784 1184 858 1224 att.
893 1182 1072 1224 dialecto
1104 1196 1185 1235 τεῑρ
1218 1183 1315 1224 oriri
1340 1183 1497 1230 debuit,
1521 1198 1650 1237 quare

252 1258 494 1313 „probabile
517 1272 599 1299 non
616 1258 783 1300 videtur
800 1258 910 1313 apud
928 1258 1041 1313 ipsos
1059 1258 1226 1300 Graecos
1243 1258 1453 1312 quondam
1471 1271 1562 1312 τερς
1578 1274 1651 1300 va-

244 1336 394 1377 luisse“
448 1339 505 1388 (p.
554 1336 670 1388 283).
735 1336 890 1377 Contra
933 1335 1196 1386 Schererum,
1240 1336 1313 1389 qui
1351 1337 1547 1390 „negavit
1578 1336 1651 1377 illa

244 1411 412 1453 nomina
444 1426 642 1467 umquam
674 1412 716 1453 in
748 1426 857 1454 nom.
891 1411 998 1467 sing.
1034 1426 1054 1457 ς
1083 1411 1294 1464 habuisse,
1327 1427 1410 1454 una
1441 1412 1595 1454 vocalis
1625 1426 1651 1452 α

244 1489 515 1542 productione
544 1489 848 1529 nominativum
870 1489 1152 1542 significatum
1178 1503 1266 1529 esse
1289 1490 1524 1529 contendit⁴‘
1554 1503 1650 1543 pro-

244 1566 345 1606 bare
378 1567 554 1606 conatur
585 1564 794 1606 Schrader
831 1567 940 1619 „jam
972 1566 1110 1618 prisco
1141 1568 1340 1619 tempore,
1368 1566 1501 1607 vocali
1526 1569 1651 1607 antea

243 1641 459 1696 producta,
492 1641 658 1683 literam
693 1655 712 1687 ς
743 1641 991 1684 nominativi
1024 1657 1114 1683 esse
1148 1642 1380 1697 abjectum‘
1420 1641 1465 1692 (l.
1498 1644 1565 1694 c),
1590 1642 1651 1684 ita

241 1720 288 1758 ut
320 1732 371 1758 ex
403 1722 511 1758 -ἰᾶνε
543 1718 724 1771 primum
756 1718 967 1759 exstiterit
998 1723 1106 1759 -tcirs
1138 1719 1287 1759 deinde
1321 1723 1419 1759 -ίαν,

388 1792 461 1845 „In
494 1794 629 1848 prima
661 1793 902 1835 Graecorum
923 1794 1069 1849 lingua
1091 1795 1261 1835 nomina
1282 1795 1325 1835 in
1348 1799 1421 1848 τᾶρ
1444 1795 1642 1835 desiisse‘

241 1870 329 1912 veri
361 1871 621 1912 simillimum
647 1871 813 1925 judicat
844 1870 904 1925 (p.
937 1871 1055 1925 286).
1118 1871 1186 1912 Ad
1213 1871 1551 1913 terminationem
1576 1886 1648 1927 τηρ

240 1947 349 2002 quod
381 1947 546 1999 attinet,
579 1963 662 1989 non
695 1947 874 1998 dubitat,
913 1948 1035 2003 „quin
1067 1937 1241 2003 propter
1270 1949 1438 1990 brevem
1463 1948 1649 2004 reliquo-

240 2039 333 2066 rum
379 2039 551 2066 casuum
597 2025 783 2066 vocalem
832 2039 849 2065 ε
897 2027 1084 2079 tempore
1116 2026 1367 2079 procedente
1400 2026 1648 2067 nominativi

240 2115 403 2156 quoque
436 2101 590 2144 vocalis
622 2102 665 2143 in
696 2115 721 2157 η
755 2103 915 2144 mutata
947 2102 1001 2143 sit
1033 2102 1105 2143 illo
1137 2117 1286 2157 graecae
1320 2102 1476 2157 linguae
1510 2102 1649 2144 studio

240 2177 568 2222 concinnitatem
601 2178 809 2231 quandam
844 2178 1051 2218 vocalium
1086 2178 1293 2218 efficiendi
1326 2178 1436 2218 inter
1459 2178 1648 2231 ejusdem

239 2253 418 2294 nominis
451 2255 593 2295 casus“
632 2253 690 2308 (p.
725 2254 826 2303 287)
860 2269 895 2296 e.
928 2269 967 2308 q.
1001 2269 1034 2296 s,
1069 2278 1121 2283 ——
1155 2253 1234 2295 Sed
1264 2254 1368 2295 illud
1389 2254 1647 2308 reliquorum

240 2342 411 2369 casuum
459 2329 586 2371 breve
636 2343 653 2368 ε
699 2329 809 2370 unde
851 2332 985 2371 ortum
1020 2330 1075 2370 sit
1106 2332 1147 2370 et
1178 2343 1260 2383 quo
1292 2330 1416 2370 modo
1449 2343 1542 2371 cum
1575 2330 1648 2371 illo

239 2405 485 2466 nominativi
516 2405 785 2462 primigenio,
818 2408 864 2447 ut
896 2406 968 2457 ait,
1001 2415 1027 2446 ᾶ
1059 2406 1268 2447 cohaerere
1308 2407 1453 2461 possit,
1487 2406 1563 2448 hoc
1597 2422 1648 2448 ne

239 2482 368 2524 verbo
399 2483 568 2537 quidem
600 2484 783 2525 ostendit
814 2481 1034 2538 Schrader.

382 2558 536 2602 Contra
583 2558 710 2602 Allen
757 2559 872 2603 Curt.
907 2559 1023 2603 Stud.
1057 2559 1134 2604 III.
1168 2561 1252 2603 226
1287 2567 1359 2614 trip
1392 2561 1502 2615 apud
1534 2561 1648 2616 ipsos

240 2634 407 2677 Graecos
439 2650 636 2690 umquam
669 2636 798 2677 fuisse
830 2652 1000 2691 prorsus
1032 2639 1173 2692 negat.
1237 2637 1378 2678 Etiam
1401 2637 1648 2692 Brugmann
1705 2639 1712 2644 ’

1485 2719 1507 2753 2
