<?xml version="1.0" encoding="UTF-8"?>
<!DOCTYPE html PUBLIC "-//W3C//DTD XHTML 1.0 Transitional//EN"
    "http://www.w3.org/TR/xhtml1/DTD/xhtml1-transitional.dtd">
<html xmlns="http://www.w3.org/1999/xhtml" xml:lang="en" lang="en">
 <head>
  <title>
</title>
<meta http-equiv="Content-Type" content="text/html;charset=utf-8" />
  <meta name='ocr-system' content='tesseract 3.04.00' />
  <meta name='ocr-capabilities' content='ocr_page ocr_carea ocr_par ocr_line ocrx_word'/>
</head>
<body>
  <div class='ocr_page' id='page_1' title='image "4737814_0130.png"; bbox 0 0 2056 3176; ppageno 0'>
   <div class='ocr_carea' id='block_1_1' title="bbox 0 0 267 3176">
    <p class='ocr_par' dir='ltr' id='par_1_1' title="bbox 0 0 267 3176">
     <span class='ocr_line' id='line_1_1' title="bbox 0 0 267 3176; baseline 0 0"><span class='ocrx_word' id='word_1_1' title='bbox 0 0 267 3176; x_wconf 95' lang='lat' dir='ltr'><strong> </strong></span> 
     </span>
    </p>
   </div>
   <div class='ocr_carea' id='block_1_2' title="bbox 859 215 1118 260">
    <p class='ocr_par' dir='ltr' id='par_1_2' title="bbox 859 215 1118 260">
     <span class='ocr_line' id='line_1_2' title="bbox 859 215 1118 260; baseline 0.004 -1"><span class='ocrx_word' id='word_1_2' title='bbox 859 215 1118 260; x_wconf 90' lang='lat'>—119—</span> 
     </span>
    </p>
   </div>
   <div class='ocr_carea' id='block_1_3' title="bbox 223 323 1728 1544">
    <p class='ocr_par' dir='ltr' id='par_1_3' title="bbox 283 323 1694 544">
     <span class='ocr_line' id='line_1_3' title="bbox 283 323 1693 392; baseline -0.002 -14"><span class='ocrx_word' id='word_1_3' title='bbox 283 323 492 392; x_wconf 27' lang='lat' dir='ltr'>gulorum*</span> <span class='ocrx_word' id='word_1_4' title='bbox 510 349 656 378; x_wconf 81' lang='lat' dir='ltr'><strong>versus</strong></span> <span class='ocrx_word' id='word_1_5' title='bbox 685 335 883 390; x_wconf 80' lang='lat' dir='ltr'>pedum“,</span> <span class='ocrx_word' id='word_1_6' title='bbox 916 335 970 378; x_wconf 83' lang='lat' dir='ltr'><strong>ab</strong></span> <span class='ocrx_word' id='word_1_7' title='bbox 1001 328 1188 377; x_wconf 67' lang='lat' dir='ltr'>Homero</span> <span class='ocrx_word' id='word_1_8' title='bbox 1218 349 1382 376; x_wconf 82' lang='lat' dir='ltr'><strong>summa</strong></span> <span class='ocrx_word' id='word_1_9' title='bbox 1412 349 1517 376; x_wconf 83' lang='lat' dir='ltr'>cura</span> <span class='ocrx_word' id='word_1_10' title='bbox 1547 333 1693 376; x_wconf 78' lang='lat' dir='ltr'><strong>vitatis</strong></span> 
     </span>
     <span class='ocr_line' id='line_1_4' title="bbox 286 411 1694 468; baseline -0.001 -13"><span class='ocrx_word' id='word_1_11' title='bbox 286 436 340 443; x_wconf 93' lang='lat'><strong>—-</strong></span> <span class='ocrx_word' id='word_1_12' title='bbox 379 414 580 468; x_wconf 66' lang='lat' dir='ltr'>„excepbo</span> <span class='ocrx_word' id='word_1_13' title='bbox 616 412 724 468; x_wconf 85' lang='lat' dir='ltr'>pede</span> <span class='ocrx_word' id='word_1_14' title='bbox 760 411 920 467; x_wconf 88' lang='lat' dir='ltr'>prim0“</span> <span class='ocrx_word' id='word_1_15' title='bbox 961 436 1028 465; x_wconf 82' lang='lat'><strong>——‚</strong></span> <span class='ocrx_word' id='word_1_16' title='bbox 1060 427 1160 455; x_wconf 85' lang='lat' dir='ltr'><strong>usus</strong></span> <span class='ocrx_word' id='word_1_17' title='bbox 1191 412 1259 465; x_wconf 71' lang='lat' dir='ltr'><strong>sit,</strong></span> <span class='ocrx_word' id='word_1_18' title='bbox 1294 412 1418 455; x_wconf 75' lang='lat' dir='ltr'><strong>docet</strong></span> <span class='ocrx_word' id='word_1_19' title='bbox 1448 411 1589 454; x_wconf 74' lang='lat' dir='ltr'><strong>Kunst</strong></span> <span class='ocrx_word' id='word_1_20' title='bbox 1620 426 1694 467; x_wconf 88' lang='lat' dir='ltr'><strong>pp.</strong></span> 
     </span>
     <span class='ocr_line' id='line_1_5' title="bbox 287 489 948 544; baseline -0.005 -10"><span class='ocrx_word' id='word_1_21' title='bbox 287 489 473 534; x_wconf 83' lang='lat'><strong>75—76.</strong></span> <span class='ocrx_word' id='word_1_22' title='bbox 944 541 948 544; x_wconf 15' lang='grc' dir='ltr'><em>η</em></span> 
     </span>
    </p>

    <p class='ocr_par' dir='ltr' id='par_1_4' title="bbox 425 566 1522 629">
     <span class='ocr_line' id='line_1_6' title="bbox 425 566 1522 629; baseline 0 -21"><span class='ocrx_word' id='word_1_23' title='bbox 425 580 460 608; x_wconf 87' lang='lat' dir='ltr'><strong>c.</strong></span> <span class='ocrx_word' id='word_1_24' title='bbox 522 566 671 609; x_wconf 85' lang='lat' dir='ltr'><strong>Brevis</strong></span> <span class='ocrx_word' id='word_1_25' title='bbox 701 566 859 609; x_wconf 81' lang='lat' dir='ltr'><strong>vocalis</strong></span> <span class='ocrx_word' id='word_1_26' title='bbox 889 567 1028 616; x_wconf 83' lang='lat' dir='ltr'><strong>finalis</strong></span> <span class='ocrx_word' id='word_1_27' title='bbox 1059 567 1307 629; x_wconf 51' lang='lat' dir='ltr'>producitur</span> <span class='ocrx_word' id='word_1_28' title='bbox 1337 567 1381 608; x_wconf 90' lang='lat' dir='ltr'><strong>in</strong></span> <span class='ocrx_word' id='word_1_29' title='bbox 1412 567 1522 609; x_wconf 85' lang='lat' dir='ltr'><strong>arsi:</strong></span> 
     </span>
    </p>

    <p class='ocr_par' dir='ltr' id='par_1_5' title="bbox 250 632 1728 1160">
     <span class='ocr_line' id='line_1_7' title="bbox 424 632 1692 700; baseline -0.001 -15"><span class='ocrx_word' id='word_1_30' title='bbox 424 644 470 685; x_wconf 90' lang='lat' dir='ltr'><strong>in</strong></span> <span class='ocrx_word' id='word_1_31' title='bbox 515 643 600 687; x_wconf 86' lang='lat' dir='ltr'><strong>arsi</strong></span> <span class='ocrx_word' id='word_1_32' title='bbox 646 643 800 687; x_wconf 71' lang='lat' dir='ltr'>astera:</span> <span class='ocrx_word' id='word_1_33' title='bbox 847 643 941 686; x_wconf 90' lang='lat' dir='ltr'><strong>XV.</strong></span> <span class='ocrx_word' id='word_1_34' title='bbox 991 644 1074 687; x_wconf 87' lang='grc'><strong>145</strong></span> <span class='ocrx_word' id='word_1_35' title='bbox 1122 632 1350 700; x_wconf 56' lang='grc' dir='ltr'>τὸ’χρῆμα,</span> <span class='ocrx_word' id='word_1_36' title='bbox 1381 642 1520 686; x_wconf 88' lang='lat' dir='ltr'><strong>XVII.</strong></span> <span class='ocrx_word' id='word_1_37' title='bbox 1557 645 1610 686; x_wconf 88' lang='lat'><strong>75</strong></span> <span class='ocrx_word' id='word_1_38' title='bbox 1643 644 1692 684; x_wconf 78' lang='grc' dir='ltr'><strong>τὰ</strong></span> 
     </span>
     <span class='ocr_line' id='line_1_8' title="bbox 284 718 1426 776; baseline 0.001 -15"><span class='ocrx_word' id='word_1_39' title='bbox 284 725 439 774; x_wconf 74' lang='grc' dir='ltr'>πρώτας</span> <span class='ocrx_word' id='word_1_40' title='bbox 470 718 634 763; x_wconf 90' lang='lat' dir='ltr'><strong>XVIII.</strong></span> <span class='ocrx_word' id='word_1_41' title='bbox 665 721 720 762; x_wconf 87' lang='lat'><strong>56</strong></span> <span class='ocrx_word' id='word_1_42' title='bbox 751 733 806 760; x_wconf 86' lang='grc' dir='ltr'><strong>κα</strong></span> <span class='ocrx_word' id='word_1_43' title='bbox 837 726 987 774; x_wconf 84' lang='grc' dir='ltr'>πρᾶτος</span> <span class='ocrx_word' id='word_1_44' title='bbox 1009 721 1041 775; x_wconf 89' lang='lat'><strong>¹)</strong></span> <span class='ocrx_word' id='word_1_45' title='bbox 1071 721 1117 762; x_wconf 89' lang='lat' dir='ltr'><strong>in</strong></span> <span class='ocrx_word' id='word_1_46' title='bbox 1147 723 1297 776; x_wconf 76' lang='lat' dir='ltr'><strong>quarta</strong></span> <span class='ocrx_word' id='word_1_47' title='bbox 1328 721 1426 762; x_wconf 84' lang='lat' dir='ltr'><strong>arsi.</strong></span> 
     </span>
     <span class='ocr_line' id='line_1_9' title="bbox 281 791 1728 852; baseline -0.001 -13"><span class='ocrx_word' id='word_1_48' title='bbox 281 848 285 851; x_wconf 18' lang='grc' dir='ltr'>ι</span> <span class='ocrx_word' id='word_1_49' title='bbox 426 797 531 839; x_wconf 87' lang='lat' dir='ltr'><strong>Cum</strong></span> <span class='ocrx_word' id='word_1_50' title='bbox 575 795 657 839; x_wconf 89' lang='lat' dir='ltr'><strong>XV</strong></span> <span class='ocrx_word' id='word_1_51' title='bbox 695 797 778 839; x_wconf 86' lang='lat'>145</span> <span class='ocrx_word' id='word_1_52' title='bbox 811 797 854 837; x_wconf 85' lang='grc' dir='ltr'><strong>τὸ</strong></span> <span class='ocrx_word' id='word_1_53' title='bbox 884 802 1026 852; x_wconf 80' lang='grc' dir='ltr'>χρῆμα</span> <span class='ocrx_word' id='word_1_54' title='bbox 1057 797 1197 839; x_wconf 73' lang='lat' dir='ltr'><strong>Kunst</strong></span> <span class='ocrx_word' id='word_1_55' title='bbox 1228 798 1320 850; x_wconf 87' lang='lat'>(79)</span> <span class='ocrx_word' id='word_1_56' title='bbox 1354 797 1530 839; x_wconf 76' lang='lat' dir='ltr'>contulit</span> <span class='ocrx_word' id='word_1_57' title='bbox 1561 796 1687 839; x_wconf 89' lang='lat' dir='ltr'><strong>Hom.</strong></span> <span class='ocrx_word' id='word_1_58' title='bbox 1726 791 1728 793; x_wconf 17' lang='lat' dir='ltr'><strong>V</strong></span> 
     </span>
     <span class='ocr_line' id='line_1_10' title="bbox 284 871 1690 930; baseline 0 -14"><span class='ocrx_word' id='word_1_59' title='bbox 284 873 362 917; x_wconf 90' lang='lat' dir='ltr'><strong>Od.</strong></span> <span class='ocrx_word' id='word_1_60' title='bbox 394 873 447 917; x_wconf 95' lang='lat' dir='ltr'><strong>V.</strong></span> <span class='ocrx_word' id='word_1_61' title='bbox 481 875 565 916; x_wconf 85' lang='lat'>215</span> <span class='ocrx_word' id='word_1_62' title='bbox 597 874 647 914; x_wconf 80' lang='grc' dir='ltr'><strong>τὰ</strong></span> <span class='ocrx_word' id='word_1_63' title='bbox 676 871 868 930; x_wconf 75' lang='grc' dir='ltr'>χρήματ’.</span> <span class='ocrx_word' id='word_1_64' title='bbox 931 873 1036 916; x_wconf 89' lang='lat' dir='ltr'><strong>Cum</strong></span> <span class='ocrx_word' id='word_1_65' title='bbox 1067 873 1200 916; x_wconf 76' lang='lat' dir='ltr'>altero</span> <span class='ocrx_word' id='word_1_66' title='bbox 1231 874 1426 929; x_wconf 83' lang='lat' dir='ltr'>exemplo</span> <span class='ocrx_word' id='word_1_67' title='bbox 1458 876 1557 929; x_wconf 74' lang='lat' dir='ltr'>apte</span> <span class='ocrx_word' id='word_1_68' title='bbox 1589 889 1690 916; x_wconf 83' lang='lat' dir='ltr'>con-</span> 
     </span>
     <span class='ocr_line' id='line_1_11' title="bbox 283 949 1690 1005; baseline -0.001 -12"><span class='ocrx_word' id='word_1_69' title='bbox 283 950 500 993; x_wconf 79' lang='lat' dir='ltr'><strong>feruntur&#39;</strong></span> <span class='ocrx_word' id='word_1_70' title='bbox 523 951 572 991; x_wconf 85' lang='grc' dir='ltr'><strong>τὰ</strong></span> <span class='ocrx_word' id='word_1_71' title='bbox 617 956 753 1005; x_wconf 83' lang='grc' dir='ltr'>πρῶτα</span> <span class='ocrx_word' id='word_1_72' title='bbox 797 949 846 994; x_wconf 91' lang='lat' dir='ltr'><strong>Il.</strong></span> <span class='ocrx_word' id='word_1_73' title='bbox 879 950 912 993; x_wconf 92' lang='lat' dir='ltr'><strong>I.</strong></span> <span class='ocrx_word' id='word_1_74' title='bbox 946 952 986 1003; x_wconf 89' lang='grc'><strong>6,</strong></span> <span class='ocrx_word' id='word_1_75' title='bbox 1017 949 1156 993; x_wconf 90' lang='lat' dir='ltr'><strong>XVII.</strong></span> <span class='ocrx_word' id='word_1_76' title='bbox 1190 952 1288 1003; x_wconf 87' lang='grc'>612,</span> <span class='ocrx_word' id='word_1_77' title='bbox 1320 949 1480 993; x_wconf 85' lang='lat' dir='ltr'><strong>XXIII.</strong></span> <span class='ocrx_word' id='word_1_78' title='bbox 1513 951 1613 1003; x_wconf 88' lang='lat'><strong>275,</strong></span> <span class='ocrx_word' id='word_1_79' title='bbox 1648 952 1690 991; x_wconf 90' lang='grc' dir='ltr'><strong>τὸ</strong></span> 
     </span>
     <span class='ocr_line' id='line_1_12' title="bbox 250 1027 1692 1084; baseline 0.001 -14"><span class='ocrx_word' id='word_1_80' title='bbox 250 1034 435 1083; x_wconf 81' lang='grc' dir='ltr'>·πρῶτον</span> <span class='ocrx_word' id='word_1_81' title='bbox 481 1027 532 1071; x_wconf 90' lang='lat' dir='ltr'><strong>Il.</strong></span> <span class='ocrx_word' id='word_1_82' title='bbox 578 1027 654 1070; x_wconf 94' lang='lat' dir='ltr'><strong>IV.</strong></span> <span class='ocrx_word' id='word_1_83' title='bbox 702 1028 802 1081; x_wconf 85' lang='lat'><strong>267,</strong></span> <span class='ocrx_word' id='word_1_84' title='bbox 849 1043 943 1084; x_wconf 86' lang='lat' dir='ltr'><strong>quae</strong></span> <span class='ocrx_word' id='word_1_85' title='bbox 991 1029 1206 1071; x_wconf 84' lang='lat' dir='ltr'>omnia·in</span> <span class='ocrx_word' id='word_1_86' title='bbox 1237 1029 1384 1071; x_wconf 85' lang='lat' dir='ltr'>eadem</span> <span class='ocrx_word' id='word_1_87' title='bbox 1419 1043 1562 1077; x_wconf 69' lang='lat' dir='ltr'><strong>versus</strong></span> <span class='ocrx_word' id='word_1_88' title='bbox 1593 1029 1692 1071; x_wconf 83' lang='lat' dir='ltr'><strong>sede</strong></span> 
     </span>
     <span class='ocr_line' id='line_1_13' title="bbox 284 1104 723 1160; baseline -0.002 -12"><span class='ocrx_word' id='word_1_89' title='bbox 284 1104 388 1159; x_wconf 68' lang='lat' dir='ltr'>(arsi</span> <span class='ocrx_word' id='word_1_90' title='bbox 418 1105 478 1160; x_wconf 93' lang='lat' dir='ltr'><strong>II)</strong></span> <span class='ocrx_word' id='word_1_91' title='bbox 509 1105 723 1160; x_wconf 77' lang='lat' dir='ltr'><strong>leguntur.</strong></span> 
     </span>
    </p>

    <p class='ocr_par' dir='ltr' id='par_1_6' title="bbox 223 1181 1691 1544">
     <span class='ocr_line' id='line_1_14' title="bbox 425 1181 1689 1235; baseline 0 -11"><span class='ocrx_word' id='word_1_92' title='bbox 425 1183 530 1224; x_wconf 86' lang='lat' dir='ltr'><strong>Cum</strong></span> <span class='ocrx_word' id='word_1_93' title='bbox 575 1181 736 1224; x_wconf 90' lang='lat' dir='ltr'><strong>XVIII.</strong></span> <span class='ocrx_word' id='word_1_94' title='bbox 785 1183 840 1224; x_wconf 88' lang='grc'><strong>56</strong></span> <span class='ocrx_word' id='word_1_95' title='bbox 880 1195 936 1222; x_wconf 85' lang='grc' dir='ltr'><strong>κα</strong></span> <span class='ocrx_word' id='word_1_96' title='bbox 966 1189 1115 1235; x_wconf 79' lang='grc' dir='ltr'>πρᾶτος</span> <span class='ocrx_word' id='word_1_97' title='bbox 1146 1182 1243 1235; x_wconf 91' lang='lat' dir='ltr'><strong>(IV)</strong></span> <span class='ocrx_word' id='word_1_98' title='bbox 1276 1183 1516 1225; x_wconf 71' lang='lat' dir='ltr'><strong>conferatur</strong></span> <span class='ocrx_word' id='word_1_99' title='bbox 1546 1182 1625 1224; x_wconf 90' lang='lat' dir='ltr'><strong>Od.</strong></span> <span class='ocrx_word' id='word_1_100' title='bbox 1656 1181 1689 1224; x_wconf 94' lang='grc' dir='ltr'><strong>Ι.</strong></span> 
     </span>
     <span class='ocr_line' id='line_1_15' title="bbox 284 1257 1691 1314; baseline -0.001 -13"><span class='ocrx_word' id='word_1_101' title='bbox 284 1259 367 1301; x_wconf 88' lang='grc'><strong>257</strong></span> <span class='ocrx_word' id='word_1_102' title='bbox 416 1260 465 1299; x_wconf 85' lang='grc' dir='ltr'><strong>τὰ</strong></span> <span class='ocrx_word' id='word_1_103' title='bbox 510 1257 631 1312; x_wconf 78' lang='grc' dir='ltr'>πρῶτ’</span> <span class='ocrx_word' id='word_1_104' title='bbox 678 1257 788 1312; x_wconf 88' lang='lat' dir='ltr'><strong>(IV).</strong></span> <span class='ocrx_word' id='word_1_105' title='bbox 839 1282 893 1288; x_wconf 90' lang='lat'>—</span> <span class='ocrx_word' id='word_1_106' title='bbox 934 1257 984 1300; x_wconf 88' lang='lat' dir='ltr'><strong>In</strong></span> <span class='ocrx_word' id='word_1_107' title='bbox 1014 1259 1209 1301; x_wconf 86' lang='lat' dir='ltr'>omnibus</span> <span class='ocrx_word' id='word_1_108' title='bbox 1241 1259 1399 1314; x_wconf 84' lang='lat' dir='ltr'>idylliis</span> <span class='ocrx_word' id='word_1_109' title='bbox 1430 1258 1691 1301; x_wconf 78' lang='lat' dir='ltr'>Theocri‘ceis</span> 
     </span>
     <span class='ocr_line' id='line_1_16' title="bbox 267 1334 1690 1391; baseline -0.001 -13"><span class='ocrx_word' id='word_1_110' title='bbox 267 1350 367 1386; x_wconf 39' lang='lat' dir='ltr'>,non</span> <span class='ocrx_word' id='word_1_111' title='bbox 397 1335 492 1391; x_wconf 88' lang='lat' dir='ltr'>plus</span> <span class='ocrx_word' id='word_1_112' title='bbox 524 1335 745 1377; x_wconf 88' lang='lat' dir='ltr'>duodecim</span> <span class='ocrx_word' id='word_1_113' title='bbox 777 1334 954 1391; x_wconf 81' lang='lat' dir='ltr'><strong>hujusce</strong></span> <span class='ocrx_word' id='word_1_114' title='bbox 985 1335 1096 1377; x_wconf 87' lang='lat' dir='ltr'>modi</span> <span class='ocrx_word' id='word_1_115' title='bbox 1130 1337 1296 1377; x_wconf 78' lang='lat' dir='ltr'>exstant</span> <span class='ocrx_word' id='word_1_116' title='bbox 1317 1335 1526 1390; x_wconf 82' lang='lat' dir='ltr'><strong>exempla.</strong></span> <span class='ocrx_word' id='word_1_117' title='bbox 1589 1334 1690 1376; x_wconf 88' lang='lat' dir='ltr'><strong>Om-</strong></span> 
     </span>
     <span class='ocr_line' id='line_1_17' title="bbox 223 1411 1690 1467; baseline 0.001 -14"><span class='ocrx_word' id='word_1_118' title='bbox 223 1447 254 1456; x_wconf 82' lang='grc'><strong>.,</strong></span> <span class='ocrx_word' id='word_1_119' title='bbox 283 1412 354 1454; x_wconf 85' lang='lat' dir='ltr'><strong>nia</strong></span> <span class='ocrx_word' id='word_1_120' title='bbox 399 1412 488 1454; x_wconf 83' lang='lat' dir='ltr'>fere</span> <span class='ocrx_word' id='word_1_121' title='bbox 535 1412 730 1467; x_wconf 80' lang='lat' dir='ltr'>exempla</span> <span class='ocrx_word' id='word_1_122' title='bbox 775 1411 1003 1454; x_wconf 79' lang='lat' dir='ltr'><strong>Homerica</strong></span> <span class='ocrx_word' id='word_1_123' title='bbox 1041 1412 1086 1454; x_wconf 88' lang='lat' dir='ltr'><strong>in</strong></span> <span class='ocrx_word' id='word_1_124' title='bbox 1117 1413 1280 1455; x_wconf 80' lang='lat' dir='ltr'>arsibus</span> <span class='ocrx_word' id='word_1_125' title='bbox 1312 1412 1450 1467; x_wconf 88' lang='lat' dir='ltr'>prima</span> <span class='ocrx_word' id='word_1_126' title='bbox 1481 1414 1524 1453; x_wconf 76' lang='lat' dir='ltr'><strong>et</strong></span> <span class='ocrx_word' id='word_1_127' title='bbox 1554 1412 1690 1454; x_wconf 76' lang='lat' dir='ltr'>altera</span> 
     </span>
     <span class='ocr_line' id='line_1_18' title="bbox 284 1488 867 1544; baseline 0 -13"><span class='ocrx_word' id='word_1_128' title='bbox 284 1489 556 1532; x_wconf 74' lang='lat' dir='ltr'>inveniuntur</span> <span class='ocrx_word' id='word_1_129' title='bbox 586 1488 745 1542; x_wconf 72' lang='lat' dir='ltr'><strong>(Kunst</strong></span> <span class='ocrx_word' id='word_1_130' title='bbox 780 1488 867 1544; x_wconf 91' lang='lat'><strong>78).</strong></span> 
     </span>
    </p>
   </div>
   <div class='ocr_carea' id='block_1_4' title="bbox 284 1599 1688 1733">
    <p class='ocr_par' dir='ltr' id='par_1_7' title="bbox 284 1599 1688 1733">
     <span class='ocr_line' id='line_1_19' title="bbox 383 1599 1688 1656; baseline -0.002 -12"><span class='ocrx_word' id='word_1_131' title='bbox 383 1604 385 1606; x_wconf 78' lang='grc'><strong>’</strong></span> <span class='ocrx_word' id='word_1_132' title='bbox 425 1599 477 1644; x_wconf 90' lang='grc' dir='ltr'><strong>Β.</strong></span> <span class='ocrx_word' id='word_1_133' title='bbox 539 1600 597 1642; x_wconf 74' lang='lat' dir='ltr'><strong>Et</strong></span> <span class='ocrx_word' id='word_1_134' title='bbox 641 1600 781 1643; x_wconf 86' lang='lat' dir='ltr'><strong>brevis</strong></span> <span class='ocrx_word' id='word_1_135' title='bbox 824 1600 978 1643; x_wconf 83' lang='lat' dir='ltr'>vocalis</span> <span class='ocrx_word' id='word_1_136' title='bbox 1009 1601 1228 1656; x_wconf 82' lang='lat' dir='ltr'>praemissa</span> <span class='ocrx_word' id='word_1_137' title='bbox 1259 1603 1301 1643; x_wconf 66' lang='lat' dir='ltr'><strong>eh</strong></span> <span class='ocrx_word' id='word_1_138' title='bbox 1338 1603 1479 1653; x_wconf 75' lang='lat' dir='ltr'>„muta</span> <span class='ocrx_word' id='word_1_139' title='bbox 1510 1615 1604 1643; x_wconf 83' lang='lat' dir='ltr'><strong>cum</strong></span> <span class='ocrx_word' id='word_1_140' title='bbox 1636 1600 1688 1642; x_wconf 94' lang='lat' dir='ltr'><strong>li-</strong></span> 
     </span>
     <span class='ocr_line' id='line_1_20' title="bbox 284 1677 1120 1733; baseline 0.001 -14"><span class='ocrx_word' id='word_1_141' title='bbox 284 1677 434 1733; x_wconf 80' lang='lat' dir='ltr'>quida“</span> <span class='ocrx_word' id='word_1_142' title='bbox 471 1678 516 1719; x_wconf 89' lang='lat' dir='ltr'><strong>in</strong></span> <span class='ocrx_word' id='word_1_143' title='bbox 548 1678 697 1719; x_wconf 84' lang='lat' dir='ltr'>mediis</span> <span class='ocrx_word' id='word_1_144' title='bbox 727 1678 901 1720; x_wconf 76' lang='lat' dir='ltr'><strong>vocibus</strong></span> <span class='ocrx_word' id='word_1_145' title='bbox 932 1680 1120 1720; x_wconf 69' lang='lat' dir='ltr'>exstanb:</span> 
     </span>
    </p>
   </div>
   <div class='ocr_carea' id='block_1_5' title="bbox 279 1772 1690 2597">
    <p class='ocr_par' dir='ltr' id='par_1_8' title="bbox 425 1772 1213 1827">
     <span class='ocr_line' id='line_1_21' title="bbox 425 1772 1213 1827; baseline 0.001 -13"><span class='ocrx_word' id='word_1_146' title='bbox 425 1789 461 1814; x_wconf 78' lang='lat' dir='ltr'><strong>a.</strong></span> <span class='ocrx_word' id='word_1_147' title='bbox 526 1772 697 1814; x_wconf 87' lang='lat' dir='ltr'><strong>Vocalis</strong></span> <span class='ocrx_word' id='word_1_148' title='bbox 729 1773 974 1827; x_wconf 62' lang='lat' dir='ltr'><strong>producissur</strong></span> <span class='ocrx_word' id='word_1_149' title='bbox 1004 1772 1049 1814; x_wconf 90' lang='lat' dir='ltr'><strong>in</strong></span> <span class='ocrx_word' id='word_1_150' title='bbox 1079 1772 1213 1815; x_wconf 78' lang='lat' dir='ltr'><strong>thesi:</strong></span> 
     </span>
    </p>

    <p class='ocr_par' dir='ltr' id='par_1_9' title="bbox 279 1846 1688 2290">
     <span class='ocr_line' id='line_1_22' title="bbox 423 1846 1688 1905; baseline -0.002 -14"><span class='ocrx_word' id='word_1_151' title='bbox 423 1849 476 1892; x_wconf 86' lang='lat' dir='ltr'><strong>in.</strong></span> <span class='ocrx_word' id='word_1_152' title='bbox 497 1848 608 1891; x_wconf 80' lang='lat' dir='ltr'><strong>thesi</strong></span> <span class='ocrx_word' id='word_1_153' title='bbox 629 1850 788 1905; x_wconf 83' lang='lat' dir='ltr'>prima:</span> <span class='ocrx_word' id='word_1_154' title='bbox 820 1848 915 1891; x_wconf 87' lang='lat' dir='ltr'><strong>XV.</strong></span> <span class='ocrx_word' id='word_1_155' title='bbox 937 1849 990 1891; x_wconf 82' lang='lat'>41</span> <span class='ocrx_word' id='word_1_156' title='bbox 1016 1847 1170 1903; x_wconf 79' lang='grc' dir='ltr'>δάκρυ’,</span> <span class='ocrx_word' id='word_1_157' title='bbox 1194 1850 1248 1891; x_wconf 88' lang='lat'><strong>80</strong></span> <span class='ocrx_word' id='word_1_158' title='bbox 1271 1847 1408 1898; x_wconf 68' lang='grc' dir='ltr'><strong>πότνι’,</strong></span> <span class='ocrx_word' id='word_1_159' title='bbox 1434 1850 1517 1891; x_wconf 90' lang='grc'><strong>106</strong></span> <span class='ocrx_word' id='word_1_160' title='bbox 1540 1846 1688 1903; x_wconf 71' lang='grc' dir='ltr'>Κυπρι,</span> 
     </span>
     <span class='ocr_line' id='line_1_23' title="bbox 284 1896 1688 1980; baseline 0.001 -15"><span class='ocrx_word' id='word_1_161' title='bbox 284 1911 368 1978; x_wconf 82' lang='lat'><strong>120</strong></span> <span class='ocrx_word' id='word_1_162' title='bbox 415 1924 626 1980; x_wconf 77' lang='grc' dir='ltr'><strong>δὲδμανθ’,</strong></span> <span class='ocrx_word' id='word_1_163' title='bbox 672 1924 832 1968; x_wconf 90' lang='lat' dir='ltr'><strong>XVIII.</strong></span> <span class='ocrx_word' id='word_1_164' title='bbox 874 1928 930 1968; x_wconf 80' lang='lat'><strong>24</strong></span> <span class='ocrx_word' id='word_1_165' title='bbox 962 1927 1156 1980; x_wconf 75' lang='grc' dir='ltr'>τετράκις,</span> <span class='ocrx_word' id='word_1_166' title='bbox 1190 1928 1244 1968; x_wconf 90' lang='grc'><strong>27</strong></span> <span class='ocrx_word' id='word_1_167' title='bbox 1277 1929 1428 1974; x_wconf 82' lang='grc' dir='ltr'>πότνια,</span> <span class='ocrx_word' id='word_1_168' title='bbox 1460 1896 1598 1968; x_wconf 59' lang='lat' dir='ltr'><strong>XVII.</strong></span> <span class='ocrx_word' id='word_1_169' title='bbox 1634 1928 1688 1967; x_wconf 89' lang='grc'><strong>18</strong></span> 
     </span>
     <span class='ocr_line' id='line_1_24' title="bbox 283 1999 1688 2059; baseline 0.001 -15"><span class='ocrx_word' id='word_1_170' title='bbox 283 1999 498 2059; x_wconf 61' lang='grc' dir='ltr'>δέδμηται,</span> <span class='ocrx_word' id='word_1_171' title='bbox 522 2002 576 2045; x_wconf 87' lang='grc'><strong>19</strong></span> <span class='ocrx_word' id='word_1_172' title='bbox 608 1999 772 2058; x_wconf 77' lang='grc' dir='ltr'><strong>ἑδριάει,</strong></span> <span class='ocrx_word' id='word_1_173' title='bbox 805 2003 857 2045; x_wconf 90' lang='grc'><strong>21</strong></span> <span class='ocrx_word' id='word_1_174' title='bbox 889 1999 1058 2058; x_wconf 72' lang='grc' dir='ltr'>ἵδρυται,</span> <span class='ocrx_word' id='word_1_175' title='bbox 1092 2004 1147 2046; x_wconf 84' lang='grc'><strong>33</strong></span> <span class='ocrx_word' id='word_1_176' title='bbox 1178 1999 1298 2052; x_wconf 76' lang='grc' dir='ltr'>ὅπλα,</span> <span class='ocrx_word' id='word_1_177' title='bbox 1332 2003 1386 2046; x_wconf 89' lang='grc'><strong>35</strong></span> <span class='ocrx_word' id='word_1_178' title='bbox 1419 2001 1579 2058; x_wconf 77' lang='grc' dir='ltr'><strong>ἔπρεπε,</strong></span> <span class='ocrx_word' id='word_1_179' title='bbox 1607 2004 1688 2046; x_wconf 88' lang='grc'><strong>125</strong></span> 
     </span>
     <span class='ocr_line' id='line_1_25' title="bbox 279 2077 1687 2137; baseline 0 -17"><span class='ocrx_word' id='word_1_180' title='bbox 279 2077 449 2134; x_wconf 80' lang='grc' dir='ltr'><strong>ἵδρυται,</strong></span> <span class='ocrx_word' id='word_1_181' title='bbox 481 2078 618 2122; x_wconf 88' lang='grc' dir='ltr'>ΧΧΙΙ.</span> <span class='ocrx_word' id='word_1_182' title='bbox 642 2081 697 2121; x_wconf 91' lang='grc'><strong>22</strong></span> <span class='ocrx_word' id='word_1_183' title='bbox 720 2082 861 2137; x_wconf 73' lang='grc' dir='ltr'>φάτνη,</span> <span class='ocrx_word' id='word_1_184' title='bbox 884 2082 939 2122; x_wconf 88' lang='grc'><strong>29</strong></span> <span class='ocrx_word' id='word_1_185' title='bbox 963 2077 1185 2134; x_wconf 75' lang='grc' dir='ltr'>Βέβρυκας,</span> <span class='ocrx_word' id='word_1_186' title='bbox 1209 2081 1263 2121; x_wconf 87' lang='grc'><strong>52</strong></span> <span class='ocrx_word' id='word_1_187' title='bbox 1287 2078 1433 2134; x_wconf 76' lang='grc' dir='ltr'>ἄκρων,</span> <span class='ocrx_word' id='word_1_188' title='bbox 1458 2082 1512 2122; x_wconf 88' lang='grc'><strong>58</strong></span> <span class='ocrx_word' id='word_1_189' title='bbox 1537 2079 1687 2134; x_wconf 79' lang='grc' dir='ltr'>ἄγριος,</span> 
     </span>
     <span class='ocr_line' id='line_1_26' title="bbox 283 2153 1688 2213; baseline 0.001 -14"><span class='ocrx_word' id='word_1_190' title='bbox 283 2158 337 2199; x_wconf 91' lang='grc'><strong>66</strong></span> <span class='ocrx_word' id='word_1_191' title='bbox 384 2159 610 2213; x_wconf 79' lang='grc' dir='ltr'>πυγμάχος,</span> <span class='ocrx_word' id='word_1_192' title='bbox 660 2157 713 2200; x_wconf 92' lang='grc'><strong>77</strong></span> <span class='ocrx_word' id='word_1_193' title='bbox 759 2157 926 2213; x_wconf 78' lang='grc' dir='ltr'>κόχλου,</span> <span class='ocrx_word' id='word_1_194' title='bbox 962 2158 1015 2200; x_wconf 88' lang='grc'><strong>79</strong></span> <span class='ocrx_word' id='word_1_195' title='bbox 1047 2154 1307 2212; x_wconf 76' lang='grc' dir='ltr'>Μαγνήσσης,</span> <span class='ocrx_word' id='word_1_196' title='bbox 1342 2158 1396 2199; x_wconf 88' lang='grc'><strong>85</strong></span> <span class='ocrx_word' id='word_1_197' title='bbox 1427 2153 1570 2211; x_wconf 78' lang='grc' dir='ltr'><strong>ἰδρείῃ,</strong></span> <span class='ocrx_word' id='word_1_198' title='bbox 1606 2159 1688 2200; x_wconf 86' lang='grc'><strong>120</strong></span> 
     </span>
     <span class='ocr_line' id='line_1_27' title="bbox 282 2229 1511 2290; baseline -0.001 -16"><span class='ocrx_word' id='word_1_199' title='bbox 282 2229 449 2290; x_wconf 80' lang='grc' dir='ltr'>δοχμὸς,</span> <span class='ocrx_word' id='word_1_200' title='bbox 483 2234 567 2276; x_wconf 89' lang='grc'><strong>128</strong></span> <span class='ocrx_word' id='word_1_201' title='bbox 601 2235 735 2289; x_wconf 78' lang='grc' dir='ltr'>μέχρι,</span> <span class='ocrx_word' id='word_1_202' title='bbox 770 2233 852 2276; x_wconf 88' lang='grc'><strong>176</strong></span> <span class='ocrx_word' id='word_1_203' title='bbox 886 2230 1101 2288; x_wconf 74' lang='grc' dir='ltr'>ὁπλοτέρω,</span> <span class='ocrx_word' id='word_1_204' title='bbox 1135 2234 1219 2276; x_wconf 90' lang='grc'><strong>200</strong></span> <span class='ocrx_word' id='word_1_205' title='bbox 1250 2230 1511 2288; x_wconf 54' lang='grc' dir='ltr'>κεκλιμένος</span> 
     </span>
    </p>

    <p class='ocr_par' dir='ltr' id='par_1_10' title="bbox 280 2308 1690 2597">
     <span class='ocr_line' id='line_1_28' title="bbox 422 2308 1690 2364; baseline -0.001 -12"><span class='ocrx_word' id='word_1_206' title='bbox 422 2311 468 2352; x_wconf 91' lang='lat' dir='ltr'><strong>in</strong></span> <span class='ocrx_word' id='word_1_207' title='bbox 497 2311 609 2353; x_wconf 77' lang='lat' dir='ltr'><strong>thesi</strong></span> <span class='ocrx_word' id='word_1_208' title='bbox 640 2311 841 2353; x_wconf 84' lang='lat' dir='ltr'><strong>secunda:</strong></span> <span class='ocrx_word' id='word_1_209' title='bbox 889 2310 983 2352; x_wconf 91' lang='lat' dir='ltr'><strong>XV.</strong></span> <span class='ocrx_word' id='word_1_210' title='bbox 1018 2311 1041 2352; x_wconf 93' lang='grc'>7</span> <span class='ocrx_word' id='word_1_211' title='bbox 1076 2308 1253 2364; x_wconf 80' lang='grc' dir='ltr'>ἄτρυτος,</span> <span class='ocrx_word' id='word_1_212' title='bbox 1290 2311 1372 2352; x_wconf 86' lang='grc'><strong>128</strong></span> <span class='ocrx_word' id='word_1_213' title='bbox 1406 2313 1448 2352; x_wconf 74' lang='lat' dir='ltr'><strong>et</strong></span> <span class='ocrx_word' id='word_1_214' title='bbox 1482 2312 1561 2353; x_wconf 85' lang='lat'>131</span> <span class='ocrx_word' id='word_1_215' title='bbox 1602 2309 1690 2351; x_wconf 55' lang='lat' dir='ltr'><strong>Kb-</strong></span> 
     </span>
     <span class='ocr_line' id='line_1_29' title="bbox 281 2386 1688 2442; baseline -0.001 -13"><span class='ocrx_word' id='word_1_216' title='bbox 281 2401 386 2442; x_wconf 84' lang='grc' dir='ltr'>πρις,</span> <span class='ocrx_word' id='word_1_217' title='bbox 433 2386 595 2430; x_wconf 89' lang='lat' dir='ltr'><strong>XVIII.</strong></span> <span class='ocrx_word' id='word_1_218' title='bbox 644 2389 670 2430; x_wconf 87' lang='lat'><strong>3</strong></span> <span class='ocrx_word' id='word_1_219' title='bbox 716 2389 955 2441; x_wconf 81' lang='grc' dir='ltr'>νεογράπτω,</span> <span class='ocrx_word' id='word_1_220' title='bbox 1000 2387 1356 2441; x_wconf 79' lang='grc' dir='ltr'>8περιπλὲκτοις,</span> <span class='ocrx_word' id='word_1_221' title='bbox 1391 2388 1446 2429; x_wconf 87' lang='grc'><strong>55</strong></span> <span class='ocrx_word' id='word_1_222' title='bbox 1480 2387 1688 2442; x_wconf 77' lang='grc' dir='ltr'>ἔγρεσθαι,</span> 
     </span>
     <span class='ocr_line' id='line_1_30' title="bbox 280 2461 1687 2518; baseline -0.001 -10"><span class='ocrx_word' id='word_1_223' title='bbox 280 2462 419 2508; x_wconf 91' lang='lat' dir='ltr'><strong>XVII.</strong></span> <span class='ocrx_word' id='word_1_224' title='bbox 467 2464 522 2507; x_wconf 85' lang='lat'><strong>36</strong></span> <span class='ocrx_word' id='word_1_225' title='bbox 570 2461 747 2517; x_wconf 79' lang='grc' dir='ltr'>Κυπρον,</span> <span class='ocrx_word' id='word_1_226' title='bbox 797 2464 852 2507; x_wconf 89' lang='grc'><strong>80</strong></span> <span class='ocrx_word' id='word_1_227' title='bbox 901 2461 1142 2518; x_wconf 73' lang='grc' dir='ltr'>ἀναβλὺζων,</span> <span class='ocrx_word' id='word_1_228' title='bbox 1196 2464 1247 2505; x_wconf 94' lang='grc'><strong>91</strong></span> <span class='ocrx_word' id='word_1_229' title='bbox 1299 2461 1547 2513; x_wconf 82' lang='grc' dir='ltr'>ἐπιπλὼοντι,</span> <span class='ocrx_word' id='word_1_230' title='bbox 1605 2466 1687 2507; x_wconf 92' lang='grc'><strong>106</strong></span> 
     </span>
     <span class='ocr_line' id='line_1_31' title="bbox 281 2527 1688 2597; baseline 0.003 -16"><span class='ocrx_word' id='word_1_231' title='bbox 281 2538 460 2597; x_wconf 79' lang='grc' dir='ltr'>ἀχρεῖος,</span> <span class='ocrx_word' id='word_1_232' title='bbox 510 2542 593 2583; x_wconf 91' lang='grc'><strong>118</strong></span> <span class='ocrx_word' id='word_1_233' title='bbox 640 2538 904 2596; x_wconf 75' lang='grc' dir='ltr'>Ἀτρείδαισι,</span> <span class='ocrx_word' id='word_1_234' title='bbox 954 2527 1035 2584; x_wconf 84' lang='grc'>127</span> <span class='ocrx_word' id='word_1_235' title='bbox 1083 2541 1420 2597; x_wconf 76' lang='grc' dir='ltr'>περιπλομένοισι,</span> <span class='ocrx_word' id='word_1_236' title='bbox 1461 2541 1600 2586; x_wconf 91' lang='lat' dir='ltr'><strong>XXII.</strong></span> <span class='ocrx_word' id='word_1_237' title='bbox 1634 2543 1688 2585; x_wconf 87' lang='lat'><strong>14</strong></span> 
     </span>
    </p>
   </div>
   <div class='ocr_carea' id='block_1_6' title="bbox 282 2618 564 2625">
    <p class='ocr_par' dir='ltr' id='par_1_11' title="bbox 282 2618 564 2625">
     <span class='ocr_line' id='line_1_32' title="bbox 282 2618 564 2625; baseline 0 0"><span class='ocrx_word' id='word_1_238' title='bbox 282 2618 564 2625; x_wconf 95' lang='lat' dir='ltr'><strong> </strong></span> 
     </span>
    </p>
   </div>
   <div class='ocr_carea' id='block_1_7' title="bbox 426 2646 1348 2697">
    <p class='ocr_par' dir='ltr' id='par_1_12' title="bbox 426 2646 1348 2697">
     <span class='ocr_line' id='line_1_33' title="bbox 426 2646 1348 2697; baseline 0.001 -14"><span class='ocrx_word' id='word_1_239' title='bbox 426 2646 452 2695; x_wconf 91' lang='lat'><strong>¹)</strong></span> <span class='ocrx_word' id='word_1_240' title='bbox 478 2648 556 2685; x_wconf 84' lang='lat' dir='ltr'><strong>Hoc</strong></span> <span class='ocrx_word' id='word_1_241' title='bbox 581 2648 789 2697; x_wconf 84' lang='lat' dir='ltr'><strong>exemplum</strong></span> <span class='ocrx_word' id='word_1_242' title='bbox 815 2659 839 2686; x_wconf 82' lang='lat' dir='ltr'>a</span> <span class='ocrx_word' id='word_1_243' title='bbox 863 2647 1020 2686; x_wconf 75' lang='lat' dir='ltr'><strong>Kunstio</strong></span> <span class='ocrx_word' id='word_1_244' title='bbox 1044 2647 1255 2696; x_wconf 78' lang='lat' dir='ltr'><strong>neglectum</strong></span> <span class='ocrx_word' id='word_1_245' title='bbox 1282 2650 1348 2685; x_wconf 76' lang='lat' dir='ltr'><strong>est.</strong></span> 
     </span>
    </p>
   </div>
  </div>
 </body>
</html>
