2056 3176
1009 280 1063 288 .-
1097 256 1152 302 30
1186 279 1238 288 ,-

416 376 539 420 docet
569 376 746 435 Brugm.
779 376 894 420 curt.
927 376 1045 420 Stud.
1079 375 1154 419 IV.
1191 378 1288 428 103,
1321 377 1393 419 sed
1425 377 1486 420 ita
1517 378 1564 419 ut
1594 401 1645 408 —-
1669 377 1834 420 mutata

417 454 634 510 explosiva
679 454 887 510 gutturali
934 467 957 505 γ
1004 454 1048 495 in
1079 452 1107 495 φὶ
1139 454 1400 510 gutturalem
1432 454 1619 496 nasalem
1655 478 1708 483 —-
1741 453 1835 505 γίὴ-

416 545 535 586 νομαι
582 532 768 573 medium
799 527 854 573 sit
886 531 1130 573 mutationis
1162 531 1398 573 membrum
1432 531 1543 572 inter
1573 532 1757 585 γίγνομαι
1789 533 1833 573 et

416 604 576 663 γίνομαι
621 607 907 661 interjectum.
971 606 1045 649 Cfr
1090 606 1267 663 Brugm.
1307 606 1454 663 Vergl.
1489 606 1630 649 Gram.
1664 605 1698 649 Ι.
1733 607 1832 659 364,

416 685 517 734 467,
551 684 600 727 G.
633 684 782 740 Meyer
813 686 914 727 270.
975 683 1216 739 Usurpatur
1245 682 1404 739 γίνομαι
1426 684 1468 726 in
1491 684 1664 736 Doride,
1686 699 1834 726 recen-

415 761 521 804 tiore
569 758 685 813 Iade,
718 759 911 803 Atthide.
982 759 1110 816 Apud
1157 759 1390 803 Homerum
1437 757 1596 816 γίνομαι
1643 760 1830 816 plerum-

416 852 499 892 que
530 837 736 892 scriptum
768 839 934 878 exstare
968 837 1010 878 in
1042 837 1162 878 libris
1196 852 1319 878 manu
1352 837 1521 891 scriptis
1551 837 1735 878 ostendit
1767 837 1829 878 La

416 912 582 964 Roche3
630 913 776 956 Curtio
823 912 970 964 (Verb.
1003 911 1060 956 II.
1093 913 1197 967 424)
1229 915 1369 955 tamen
1409 928 1581 969 „wegen
1611 913 1726 955 ihrer
1757 928 1833 969 ge-

416 990 570 1046 ringen
601 988 1009 1048 Urspriingligkeit¹⁶
1047 989 1137 1031 veri
1169 989 1305 1031 simile
1336 989 1504 1031 videtur
1534 992 1629 1044 post
1657 989 1834 1031 Homeri

337 1119 342 1123 ἱ
418 1069 591 1109 aetatem
637 1067 817 1109 formam
863 1066 981 1108 illam
1029 1066 1254 1108 exstitisse.
1331 1065 1502 1121 Ubique
1549 1067 1660 1121 apud
1707 1066 1832 1110 Hom.

416 1144 601 1198 γίγνομαι
646 1143 756 1199 legit
804 1142 972 1185 Curtius
1020 1142 1210 1198 exeeptis
1257 1143 1418 1185 duobus
1458 1142 1562 1185 locis
1594 1140 1662 1194 (Il.
1693 1141 1832 1185 XXII.

416 1220 525 1262 477:
572 1219 806 1274 γεινόμεθα,
855 1218 933 1261 Od.
982 1217 1059 1262 IV.
1108 1208 1215 1262 208:
1264 1219 1509 1273 γεινομένῳ),
1556 1219 1629 1261 ubi
1675 1220 1833 1261 formas
1872 1231 1876 1235 ·
1930 1207 1941 1218 ’

416 1296 536 1338 verbi
582 1297 765 1351 γείνομοιι
811 1295 882 1349 (ex
929 1296 1174 1350 γενῃό-μαι)
1221 1297 1410 1350 usurpat.
1473 1295 1615 1337 Etiam
1657 1295 1830 1338 Hesiod.

416 1372 577 1429 Theog.
634 1374 689 1415 82
746 1374 998 1428 γεινομένοος
1053 1372 1196 1428 legere
1243 1372 1335 1414 vult
1381 1371 1550 1414 Curtius
1597 1371 1747 1426 (Verb.
1796 1370 1830 1414 Ι.

417 1451 534 1501 313).
611 1449 766 1492 Contra
814 1449 957 1491 Christ
1007 1449 1164 1504 ubique
1216 1451 1388 1504 γίνομαι,
1441 1450 1621 1500 γινώσκω
1672 1450 1830 1491 formas

416 1526 638 1582 usurpavit
684 1528 726 1568 et
773 1526 825 1568 ad
872 1524 922 1568 Il.
971 1524 1024 1569 V.
1060 1526 1142 1568 182
1175 1525 1266 1567 haec
1299 1526 1538 1569 adnotavit:
1577 1526 1832 1581 „scripturas

418 1603 623 1654 γινώσκειν
669 1604 713 1644 et
758 1599 943 1653 γίνεσθαι
990 1602 1186 1656 antiquas
1217 1602 1586 1657 Aristarcheisque
1618 1598 1833 1657 probatas,

417 1680 647 1731 γιγνώσκειν
670 1682 730 1720 -et
760 1679 969 1730 γίγνεσθαι
1001 1681 1193 1720 rec-entes
1226 1681 1267 1720 et
1300 1679 1352 1721 ab
1385 1678 1612 1720 Heraclide
1644 1679 1833 1721 invectas

417 1770 507 1797 esse
541 1756 663 1797 docet
693 1753 765 1798 W.
799 1754 843 1796 C.
878 1755 1057 1810 Kayser,
1090 1754 1132 1796 in
1165 1753 1320 1797 Philol.
1352 1753 1513 1796 XVIII.
1548 1756 1670 1797 657.“
1729 1754 1833 1797 For-

416 1848 529 1874 mam
575 1833 757 1887 γείνομαι
788 1831 973 1873 Homero
1004 1831 1252 1886 abjudicant
1282 1847 1363 1873 van
1395 1831 1603 1874 Leeuwen
1637 1833 1680 1873 et
1710 1831 1832 1873 Men-

417 1909 490 1951 des
537 1909 591 1951 da
637 1908 763 1951 Costa
811 1909 908 1959 102,
955 1909 1116 1964 γίνομαι
1157 1909 1211 1950 ab
1243 1908 1429 1950 Homero
1459 1910 1709 1963 usurpatum
1741 1923 1832 1950 esse

416 1987 578 2041 negant
624 1985 693 2027 79.
757 1984 952 2039 Denique
999 1984 1048 2027 G.
1081 1984 1230 2040 Meyer
1261 1985 1346 2027 454
1379 1986 1559 2040 γείνομαι
1590 1987 1832 2040 suspectum

416 2061 575 2104 habere
608 2061 786 2104 videtur.

1088 2212 1163 2256 IV.

535 2305 604 2352 De
635 2322 680 2355 ω,
713 2320 772 2354 ου,
805 2320 842 2348 οι
873 2305 1192 2365 productione
1224 2305 1530 2365 suppletoria
1561 2305 1700 2351 ortis,

558 2418 616 2463 A.
664 2418 944 2461 Accusativus
984 2419 1160 2474 pluralis
1197 2419 1395 2474 stirpium
1426 2433 1503 2474 per
1535 2432 1556 2459 0
1588 2419 1833 2460 exeuntium

1002 2513 1045 2555 in
1077 2513 1132 2555 id.
1165 2512 1248 2555 XV

418 2617 474 2649 ως
519 2606 590 2654 (ex
636 2603 720 2656 ονς)
752 2602 1106 2654 terminationem,
1138 2602 1360 2644 severioris
1388 2602 1557 2644 Doridis
1598 2601 1832 2657 propriam,

418 2679 603 2735 recepit:
637 2676 934 2735 ἑπταδράχμως
965 2695 1003 2722 v.
1040 2681 1108 2732 19,
1142 2681 1276 2725 πόκως
1307 2695 1345 2722 v.
1380 2680 1449 2730 20,
1482 2678 1678 2734 χρησμώς
1699 2693 1737 2720 v.
1762 2678 1832 2730 63,
