2056 3176
961 245 1221 288 -116—

982 308 1008 331 ‘Q-

385 364 484 408 dum
516 366 581 408 est
611 363 887 407 Homericum
918 363 1154 420 genitivum
1184 378 1263 420 per
1293 377 1354 406 οιο
1386 365 1611 414 exeuntem
1629 346 1799 413 omnino

384 441 602 485 elisionem
634 442 874 497 respuere);
1512 497 1514 500 v

526 519 569 561 in
600 518 740 573 priore
763 518 868 560 arsis
898 517 1046 573 primae
1067 520 1210 573 parte:
1242 517 1337 561 XV.
1359 519 1417 561 '32
1440 503 1555 567 wotos,
1578 514 1644 573 ὄχ’
1661 514 1728 559 οἷα
1752 517 1798 570 “),

387 595 469 637 149
503 599 624 649 χαῖρε
644 591 800 643 Ἀδων,
822 609 948 649 quam
970 595 1197 636 verborum
1219 593 1558 650 conjunctionem
1579 594 1633 636 ad
1655 608 1798 638 exem-

384 671 481 726 plar
511 670 719 720 formulae,
751 685 846 726 quae
886 671 943 712 sit
973 675 1093 726 χαῖρε
1125 669 1236 718 ἄναξ,
1271 671 1572 713 conformatam
1605 684 1696 712 esse
1728 685 1798 712 su-

383 747 574 803 spicatur
605 746 757 790 Kunst.

527 825 568 867 2.
629 823 801 866 Vocalis
832 824 971 866 finalis
1003 824 1168 866 elisioni
1199 826 1433 880 repugnat:
1466 823 1561 866 XV.
1595 825 1650 867 30
1672 823 1798 865 πουλὺ

387 899 568 957 ἄπληστε
600 900 672 955 (V,
706 901 751 955 I)
773 900 821 955 ²).
885 900 959 943 Gfr
990 900 1131 942 Kunst
1164 902 1409 944 120—-122,

992 1051 1195 1096 XXVIII.

911 1147 982 1191 De
1013 1142 1278 1205 positionm

527 1258 650 1302 Satis.
687 1261 850 1302 constat
896 1259 1008 1314 apud
1040 1258 1273 1302 Homerum
1306 1262 1550 1315 ceterosque
1582 1260 1800 1315 epicorum

384 1337 619 1378 carminum
664 1336 895 1391 scriptores
936 1336 1185 1391 antiquioris
1217 1336 1356 1379 aetatis
1387 1337 1600 1379 rarissime
1631 1337 1800 1380 omnino

384 1413 566 1454 inveniri
613 1412 903 1466 correptiones
950 1414 1048 1454 ante
1097 1414 1270 1454 'mutam
1303 1427 1398 1454 cum
1427 1413 1602 1468 liquida‘
1633 1413 1799 1456 Atticos

385 1491 527 1531 autem
572 1489 819 1531 recentioris
867 1489 1007 1531 aetatis
1039 1491 1198 1544 poetas,
1231 1489 1304 1544 qui
1335 1489 1379 1530 in
1411 1489 1668 1532 carminibus
1699 1504 1800 1532 con-

384 1564 619 1607 scribendis
665 1552 790 1606 versu
830 1563 1001 1606 heroico
1032 1566 1266 1616 uterentur,
1297 1564 1539 1620 hujusmodi
1570 1565 1800 1620 correptio-

384 1657 459 1683 nes
491 1641 723 1696 saepissime
747 1641 977 1683 admisisse.
1040 1640 1101 1684 Ut
1122 1642 1234 1696 apud
1256 1643 1417 1683 ceteros
1437 1644 1585 1697 poetas
1607 1642 1667 1684 ita
1688 1642 1800 1697 apud

384 1717 659 1760 Theocritum
691 1732 741 1759 ea
772 1702 940 1759 omnino
970 1719 1139 1759 servata
1170 1720 1234 1759 est
1263 1717 1346 1770 lex,
1378 1719 1426 1760 ut
1456 1718 1605 1760 fortior
1625 1718 1682 1760 sit
1703 1733 1799 1773 pro-

385 1794 541 1845 ductio,
588 1809 719 1848 quum
761 1796 804 1835 et
836 1794 976 1835 brevis
1007 1794 1166 1836 vocalis
1199 1795 1450 1836 antecedens
1483 1797 1526 1836 et
1555 1797 1673 1836 muta
1704 1809 1800 1837 cum

384 1870 547 1926 liquida
565 1870 602 1924 3)
649 1871 693 1912 in
740 1885 823 1912 una
870 1873 995 1925 atque
1043 1870 1188 1912 eadem
1222 1885 1322 1913 voce
1354 1871 1639 1923 inveniuntur,
1672 1886 1799 1926 quam

384 1961 515 2002 quum
546 1947 718 1989 brevem
749 1947 938 1989 vocalem
970 1947 1140 1988 finalem
1172 1947 1332 2002 excipit
1361 1947 1613 1990 vocabulum
1636 1963 1660 1989 a
1682 1949 1800 1989 muta

385 2038 481 2065 cum
511 2022 674 2078 liquida
704 2023 924 2077 incipiens.

527 2097 678 2143 Totam
712 2099 1000 2154 exemplorum
1021 2099 1375 2153 .Theocriteorum
1406 2100 1555 2142 silvam
1586 2100 1801 2156 congessit

385 2170 643 2224 uberiusque
690 2170 892 2212 tractavit
940 2170 1078 2212 Kunst
1117 2171 1145 2212 1.
1186 2185 1221 2212 c.
1256 2171 1443 2212 64—96.
1505 2171 1715 2225 Equidem
1747 2171 1799 2212 de

384 2246 437 2288 iis
482 2248 650 2288 tantum
682 2261 807 2302 agam
849 2246 1068 2301 exemplis,
1112 2262 1206 2301 quae
1239 2261 1291 2288 ex
1323 2246 1480 2302 idylliis
1511 2246 1606 2297 XV,
1638 2245 1799 2300 XVIII,

385 2321 525 2375 XVII,
558 2320 683 2365 XXII
715 2322 882 2389 collegi.

533 2427 558 2472 ¹)
585 2428 639 2464 De
675 2428 745 2464 hoc
780 2428 861 2464 loco
899 2428 983 2465 vide
1009 2440 1129 2475 supra.
1180 2429 1301 2465 Kunst
1328 2429 1423 2475 legit
1448 2432 1547 2462 παῦε.
1574 2427 1674 2462 ὁκοῖα
1698 2428 1800 2475 Zieg-

384 2487 502 2523 lerum
528 2489 685 2523 secutus.

532 2544 559 2589 ⁹)
586 2546 649 2582 cfr
674 2557 785 2592 supra
809 2559 844 2592 p.
872 2547 917 2582 33
942 2549 1019 2582 not.

531 2601 559 2649 ⁸)
584 2603 752 2650 Liquidae
776 2605 999 2641 vocabulum
1023 2604 1086 2640 hic
1110 2604 1148 2640 in
1176 2604 1388 2651 significatu
1404 2605 1519 2642 latius
1535 2605 1683 2652 patenti
1699 2617 1800 2641 usur-

383 2663 484 2710 pavi,
509 2663 567 2700 ita
590 2666 634 2699 ut
656 2661 690 2703 λ,
716 2674 754 2709 μ,
780 2675 808 2703 ν,
835 2675 853 2709 ρ
880 2675 1058 2700 consonas
1083 2664 1362 2710 complectatur.

1 2536 35 2575 ig„

0 2581 39 2634 ε),

0 2637 19 2653 v„
36 2636 37 2639 ¹

0 2730 27 2751 {rs

0 2754 31 2785 ³³

0 2887 20 2930 333,
34 2891 39 2926 5

0 2932 30 2968 ,ζμ
36 2942 47 2967 ι.
