2056 3176
950 244 1180 285 -22—

358 360 508 418 Vergl.
555 361 699 405 Gram.
740 359 774 404 Ι.
807 362 877 415 63,
909 362 1009 414 423,
1042 362 1141 404 463.
1204 360 1305 412 Quae
1339 377 1435 405 cum
1465 362 1527 406 ita
1557 362 1655 414 sint,
1687 363 1767 420 hy-

357 440 622 495 perdoricum
669 440 904 495 putandum
936 438 1135 481 estillud
1167 437 1258 495 μάν,
1291 440 1411 496 cujus
1441 440 1618 483 Meister
1650 441 1767 486 Curt.
1830 458 1832 460 ’
1859 455 1866 462 ’

357 517 476 560 Stud.
509 516 584 560 IV.
620 519 705 561 383
736 517 994 559 mentionem
1026 516 1142 560 fecit.

307 640 309 642 ,
490 594 566 639 De
598 594 809 650 adjectivo
842 595 954 649 quod
985 596 1050 635 est
1081 596 1253 650 πετεηνὰ
1283 610 1322 638 v.
1359 595 1440 637 118
1472 594 1564 638 haec
1597 598 1660 637 est
1686 595 1769 638 Le-

357 672 495 713 skieni
542 671 754 714 sententia
801 671 934 723 (Curt.
984 660 1101 713 Stud.
1135 669 1192 714 II.
1228 672 1325 714 101.
1357 674 1443 715 not.
1476 674 1542 723 5):
1590 673 1770 729 Legitur

358 745 548 804 πετεηνός
593 764 670 804 pro
718 762 980 804 πετεσ-ηνο-(ς
1024 748 1098 802 (=
1150 748 1289 806 „Flug
1325 739 1555 804 habend“),
1602 751 1714 806 quod
1746 767 1771 793 a

358 825 489 881 stirpe
531 838 649 871 πετες
688 826 854 881 antiqui
885 825 1066 867 nominis
1099 828 1216 872 πέτος
1248 826 1391 868 addito
1421 827 1570 869 suffixo
1600 840 1672 883 ηνο
1703 843 1771 870 re-

357 899 588 957 petendum
621 889 705 952 est3
753 885 804 943 ex
837 904 1026 957 πετεηνός
1058 903 1343 946 contractione
1375 905 1522 945 natum
1554 906 1618 945 est
1648 917 1770 960 πετη-

358 982 448 1028 νός;
482 980 620 1022 forma
650 994 744 1034 quae
770 982 834 1021 est
865 981 1043 1025 πετεινός
1073 979 1127 1021 ad
1158 992 1393 1026 πετεσ-νο-ς
1423 980 1661 1023 reducenda
1692 985 1768 1024 est.

357 1056 548 1099 Atticam
580 1057 760 1099 formam
791 1058 991 1102 πετεεινός
1022 1080 1075 1085 -—-
1109 1071 1203 1112 quae
1236 1071 1337 1100 num
1368 1071 1413 1099 re
1441 1072 1541 1100 vera
1574 1072 1771 1114 umquam

358 1135 583 1186 exstiterit,
630 1134 752 1176 valde
800 1134 965 1176 dubitat
1014 1158 1066 1162 —-
1116 1134 1202 1175 ullo
1249 1135 1372 1176 modo
1414 1135 1618 1190 explicari
1647 1151 1771 1191 posse

357 1213 501 1268 negat.
564 1211 700 1261 Quum
748 1226 848 1253 vero
896 1211 1007 1265 apud
1050 1210 1283 1253 Homerum
1314 1226 1479 1266 quoque
1512 1214 1700 1268 πετεηνός
1731 1215 1774 1255 et

358 1291 525 1343 πετηνός
570 1287 855 1339 inveniantur,
903 1287 1080 1342 Brugm.
1129 1287 1246 1330 Curt.
1294 1287 1416 1330 Stud.
1459 1286 1534 1330 IV.
1576 1290 1630 1331 96
1661 1288 1773 1331 hanc

357 1365 535 1420 protulit
580 1364 856 1406 sententiam:
911 1363 1061 1416 „Haud
1108 1364 1234 1406 dubie
1282 1366 1354 1406 aut
1391 1366 1661 1407 statuendum
1693 1368 1770 1418 est,

357 1443 547 1497 πετεηνός
576 1440 790 1496 pertinere
824 1441 877 1482 ad
908 1440 1086 1495 stirpem
1117 1440 1328 1495 quandam
1360 1453 1544 1489 πετεασ-,
1572 1445 1772 1488 πετεεινὸς

357 1520 503 1560 contra
541 1518 594 1559 ad
627 1530 802 1568 πετεεσ-,
836 1519 909 1559 aut
940 1532 1067 1559 unam
1099 1517 1295 1572 primitus
1326 1517 1456 1559 fuisse
1489 1518 1669 1560 formam
1699 1531 1771 1559 πε-

357 1597 496 1651 τεηνός
527 1614 582 1629 ---
615 1596 830 1640 mrem-26:
862 1596 904 1635 et
936 1595 1084 1648 postea
1116 1609 1205 1635 eam
1240 1606 1331 1635 Sese
1354 1595 1689 1637 accommodasse
1713 1596 1767 1638 ad

358 1671 689 1727 frequentiorem
721 1671 838 1712 illam
871 1671 1051 1712 formam
1083 1683 1244 1717 -εεινος,
1278 1685 1372 1725 quae
1405 1673 1470 1712 est
1501 1671 1544 1712 in
1575 1671 1769 1719 κλεεινός,

358 1748 521 1795 δεεινός,
569 1747 706 1789 aliis“.
775 1747 964 1789 Priorem
1011 1747 1252 1802 explicandi
1298 1747 1506 1792 rationem
1553 1747 1771 1803 amplexus

358 1828 423 1867 est
454 1824 665 1867 Schrader
694 1824 723 1867 l.
757 1839 791 1866 c.
826 1825 924 1875 318,
958 1824 1045 1866 dor.
1080 1826 1271 1879 πετεηνός
1302 1825 1345 1865 et
1377 1825 1452 1866 att.
1485 1826 1687 1870 πετεεινός
1717 1826 1771 1867 ad

357 1916 570 1948 πετεετινος
600 1902 752 1953 redire,
785 1902 858 1943 sed
889 1901 1000 1944 hom.
1034 1903 1223 1956 πετεηνός
1255 1915 1307 1942 ex
1339 1915 1421 1943 uno
1451 1914 1670 1947 πετεασνος
1698 1917 1771 1944 ex-

356 1979 508 2035 plicari
539 1993 661 2034 posse
693 1979 961 2020 contendens.
1024 1977 1068 2020 Si
1099 1978 1161 2019 ita
1192 1979 1268 2030 est,
1302 1978 1604 2020 correctionem
1635 1993 1769 2033 quan-

358 2058 476 2098 dam·
502 2056 742 2097 desiderare
780 2055 976 2096 videntur
1006 2054 1098 2096 haec
1129 2054 1389 2096 Morsbachii
1420 2055 1550 2096 verba
1583 2055 1642 2109 (p.
1674 2057 1770 2106 49):

364 2147 413 2189 ,η
461 2133 619 2176 doridis
665 2132 887 2175 severioris
934 2132 1021 2174 sive
1059 2131 1333 2186 productione
1365 2131 1452 2174 sive
1485 2131 1771 2175 contractione

356 2214 505 2270 natum
535 2210 761 2253 Theocrito
791 2224 961 2264 prorsus
993 2209 1288 2265 abrogandum
1320 2210 1426 2251 est“.
1490 2208 1564 2251 cfr
1594 2224 1701 2268 quae·
1721 2209 1773 2252 de

358 2295 476 2345 τῆνος
506 2303 558 2330 ex
590 2300 762 2340 τεξενο-(ς
793 2289 885 2329 orto
916 2302 1043 2342 supra
1076 2286 1301 2342 disputavi.
1353 2296 1356 2299 ’

499 2362 610 2421 ἧξεῖς
640 2380 678 2406 v.
715 2365 812 2415 144,
838 2364 950 2419 quod
971 2365 1145 2406 verbum
1169 2379 1194 2405 a
1217 2363 1373 2405 Doride
1395 2378 1564 2418 prorsus
1587 2363 1772 2405 alienum

357 2459 449 2486 esse
481 2442 703 2485 ostendere
736 2443 911 2483 conatus
945 2443 1007 2483 est
1042 2440 1145 2483 Ahr.
1177 2440 1205 2482 l.
1239 2454 1274 2483 0.
1311 2441 1407 2492 151,
1444 2441 1528 2483 183
1560 2455 1663 2495 seq.,
1687 2441 1773 2483 344

357 2536 460 2575 seq.,
478 2519 658 2561 addend.
684 2518 784 2559 586.
831 2517 1016 2558 Ahrensi
1034 2516 1372 2558 emendationem
1390 2514 1506 2563 εἱξεῖς
1522 2518 1776 2570 receperunt

357 2597 516 2640 Morsb.
566 2596 617 2638 51
669 2597 716 2637 et<
759 2593 897 2649 Oppel
943 2594 1013 2635 41.
1077 2593 1282 2649 Ejusdem
1313 2592 1458 2648 stirpis
1491 2607 1582 2635 esse
1613 2589 1701 2648 ἥκω
1732 2595 1775 2634 et

355 2672 430 2715 ἵκω
462 2674 510 2717 L.
544 2673 693 2730 Meyer
725 2673 794 2724 91,
828 2671 911 2714 814
944 2686 1031 2727 seq.
1065 2670 1327 2726 suspicatur3
1360 2670 1434 2712 sed
1466 2669 1514 2712 G.
1547 2669 1695 2726 Meyer
1716 2669 1772 2712 45
