2056 3176
896 214 1161 267 -41-'

284 329 708 400 'Wackernagelium
751 358 852 386 vero
897 357 1095 399 prospere
1141 342 1350 386 refutasse
1396 342 1502 385 mihi
1542 342 1713 386 videtur

302 419 471 464 Curtius
503 419 647 476 Leipz.
679 418 798 463 Stud.
830 419 860 463 1.
891 434 928 463 e.
962 443 1014 449 —-

439 514 493 560 F.
554 529 582 555 α
621 529 718 557 cum
754 529 843 570 seq.
885 529 898 555 ι
926 515 996 558 vel
1025 529 1049 556 ο
1079 514 1362 571 diphtongum
1392 529 1478 557 uon
1508 515 1638 558 efficit
1669 515 1715 557 in

300 592 369 635 his
398 591 614 636 vocabulis
645 606 698 634 ex
727 591 784 635 id.
816 590 942 635 XXII
972 592 1177 648 sumptis:

443 681 512 727 δαΐ
541 700 580 728 v.
614 685 668 729 79
700 685 1002 736 (contractione
1033 699 1086 728 ex
1115 684 1186 739 δα(
1185 689 1222 745 f
1224 684 1297 736 )ἰδι
1316 687 1469 728 ortum.
1516 684 1713 729 Vocabu-

301 762 389 805 lum
419 759 511 812 δαΐς
541 763 595 805 ad
624 763 714 804 rad.
747 761 848 821 8af,
880 777 1037 805 sanser.
1065 762 1123 804 du
1144 762 1427 805 revocandum
1448 776 1540 805 esse
1561 763 1714 805 docent

301 839 352 884 L.
383 839 532 896 Meyer
564 839 662 891 194,
694 837 870 896 Brugm.
899 839 928 882 l.
961 853 998 883 c.
1031 839 1128 890 146,
1163 840 1232 891 16,
1264 838 1381 883 Curt-
1403 837 1586 883 Grundz.
1610 840 1711 883 231.

301 917 395 961 Hoo
425 917 519 960 loeo
551 931 563 957 ι
594 919 833 973 correptum
864 918 930 959 est
949 919 997 959 ut
1019 916 1143 959 Hom.
1166 915 1216 960 11.
1238 914 1359 960 XIII.
1382 916 1468 959 286
1490 918 1534 960 et
1553 915 1712 960 XXIV.

304 995 410 1038 739:
459 991 500 1036 ἐν
547 990 618 1034 δαῒ
660 993 787 1048 λυγρῇ
817 999 861 1036 et
890 992 1007 1036 XIV.
1040 994 1149 1037 387:
1193 991 1233 1034 ἐν
1266 990 1335 1035 δαῒ
1363 991 1579 1052 λευγᾳλέῃ.
1641 993 1716 1036 Gfr

130 1123 140 1131 ,χ
301 1070 475 1127 Krflger
503 1070 532 1113 l.
564 1084 599 1113 c.
632 1069 683 1113 Β.
715 1069 754 1124 ἓ.
788 1070 856 1122 17,
891 1071 930 1122 1,
951 1069 1077 1113 Anm.
1101 1072 1159 1122 3),
1181 1066 1374 1126 μεταΐξας
1393 1085 1433 1113 v.
1456 1071 1540 1113 201
1564 1066 1712 1122 (ἀίσσω

184 1145 196 1149 ’
257 1186 261 1190 .
301 1147 351 1190 L.
383 1146 532 1203 Meyer
564 1147 662 1198 164,
697 1148 776 1190 181
811 1161 864 1189 ex
895 1144 1051 1204 dfizjm
1080 1149 1218 1190 ortum
1241 1161 1332 1189 esse
1352 1147 1564 1203 opinatur,
1585 1161 1714 1203 quam

93 1204 102 1214 .
303 1223 522 1268 derivandi
566 1223 776 1266 rationem
821 1223 984 1279 respuit
1030 1223 1200 1267 Curtius
1245 1223 1275 1267 l.
1321 1238 1359 1267 o.
1392 1224 1491 1274 172,
1523 1223 1591 1267 cui
1621 1224 1713 1267 veri

301 1300 440 1351 simile
464 1300 653 1344 'videtur
699 1301 752 1343 ad
782 1301 873 1344 rad.
905 1298 956 1353 ἀγ
987 1301 1257 1344 referendum
1288 1315 1380 1344 esse
1410 1300 1491 1345 hoc
1521 1302 1712 1345 verbum.

301 1377 431 1433 Apud
461 1363 694 1421 Honierum
724 1393 893 1434 semper
921 1378 1189 1434 trisyllabum
1211 1380 1440 1434 usurpatur
1459 1378 1712 1422 vocabulum

304 1451 432 1494 ἀίσσω
463 1472 518 1489 =
549 1455 626 1496 att.
659 1451 784 1507 ᾄσσω,
816 1451 961 1508 ᾄττω);

445 1526 635 1572 ἑπαΰτεον
678 1546 718 1574 v.
766 1532 837 1584 91,
869 1528 997 1578 ἀΰσας
1026 1546 1067 1574 v.
1101 1532 1197 1584 144,
1231 1529 1356 1588 ἀυτῆς
1385 1546 1425 1575 v.
1458 1532 1556 1574 220.
1618 1529 1711 1574 See.

303 1607 420 1651 Curt.
450 1607 480 1651 l.
512 1623 548 1651 c.
579 1608 680 1661 388,
711 1608 812 1660 434,
843 1607 1019 1664 Brugm.
1050 1607 1079 1650 l.
1111 1622 1148 1651 c.
1182 1609 1279 1660 133,
1310 1609 1336 1650 2
1358 1607 1566 1667 incipiens
1587 1622 1712 1651 voea-

302 1685 356 1727 lis
402 1699 430 1725 α
475 1685 646 1741 integra
689 1687 855 1728 servata
903 1699 1040 1741 neque
1086 1700 1180 1728 oum
1212 1700 1301 1741 seq.
1333 1699 1356 1725 υ
1387 1686 1604 1728 contracta
1635 1688 1712 1737 est,

303 1763 529 1817 propterea
573 1761 685 1817 quod
732 1762 786 1804 ab
824 1761 946 1804 initio
991 1761 1157 1818 plenior
1193 1762 1275 1804 fuit
1304 1761 1427 1804 radix
1458 1758 1565 1819 &fu
1597 1761 1715 1805 velut

304 1835 405 1893 ἀυτή
438 1852 490 1880 ex
521 1835 713 1897 ἀῙῑ-ε-τη.
817 1821 820 1824 ’

969 1980 1045 2024 VI.

643 2074 714 2119 De
745 2090 764 2116 ε
797 2088 905 2120 eum
935 2073 1159 2132 sequenti
1189 2073 1362 2120 vocali.

443 2168 501 2213 A.
564 2184 582 2210 ε
613 2184 709 2212 cum
739 2185 828 2226 seq.
861 2184 888 2211 α
917 2170 986 2214 vel
1017 2184 1072 2211 αι.

872 2263 923 2307 In
953 2265 1009 2308 id.
1040 2264 1144 2308 XV:

446 2342 496 2381 εᾶ
527 2341 692 2384 vocales
723 2341 872 2385 solutae
903 2342 1176 2385 inveniuntur
1207 2344 1271 2394 (ut
1300 2342 1346 2384 in
1376 2341 1509 2399 antiq.
1532 2341 1710 2397 Doride)

303 2415 318 2458 i
350 2413 543 2471 τάκριβέα
580 2433 620 2461 v.
654 2419 723 2471 81,
757 2416 888 2460 ἄνθεα
917 2434 958 2462 v.
992 2419 1090 2470 116,
1121 2418 1267 2474 χείλεα
1297 2434 1337 2462 v.
1372 2420 1480 2471 1303
1513 2416 1714 2474 ἀργυρέας

301 2508 343 2537 v.
376 2493 446 2537 84.
509 2493 584 2538 Ofr
615 2494 722 2539 Ahr.
753 2496 781 2539 l.
814 2511 851 2539 c.
885 2497 983 2550 193,
1016 2496 1116 2550 234,
1148 2495 1197 2540 G.
1229 2495 1379 2553 Meyer
1410 2496 1509 2539 151.

445 2570 601 2615 Contra
641 2587 692 2615 ex
734 2586 846 2614 εεσαι
887 2573 1045 2629 duplici
1077 2574 1362 2616 contractione
1392 2573 1582 2617 nascitur
1611 2579 1638 2629 ᾖ
1669 2574 1714 2616 in

295 2632 394 2691 roc.
426 2647 550 2705 φευξῄ
579 2664 620 2692 v.
653 2649 722 2692 54.
