2056 3176
774 210 1032 254 —111—

198 331 405 387 exempla,
436 344 615 386 quorum
646 329 1044 386 undequadraginta
1065 330 1109 372 in
1137 328 1296 384 idylliis
1317 330 1463 386 epicis,
1485 331 1611 386 quin-

198 408 334 451 decim
364 407 409 449 in
439 407 634 459 mimicis,
665 406 851 449 sedecim
875 406 907 460 ¹)
938 407 982 448 in
1014 407 1215 450 bucolicis
1246 407 1530 451 inveniuntur.

282 472 285 473 ⁷
339 484 405 526 Ex
437 483 751 539 computatione
782 483 936 525 Kunsti
965 483 1148 543 emergit
1166 483 1350 538 plurima
1369 484 1610 540 hujusmodi

197 561 338 606 hiatus
385 561 580 617 exempla
626 559 763 612 (XIX)
785 560 820 614 2)
861 561 904 603 in
935 561 1083 617 quinta
1113 560 1224 604 thesi
1256 563 1436 615 exstare,
1467 561 1609 604 theses

198 640 380 695 primam
425 641 469 681 et
499 638 676 680 alteram
707 653 809 680 sena
849 639 970 691 dena,
1001 640 1197 694 quartam
1227 638 1367 681 thesin
1399 639 1608 692 undecim,

197 716 339 759 thesin
381 716 553 758 tertiam
598 718 691 759 octo
732 716 928 771 exempla
972 717 1177 771 praebere.
1240 716 1340 758 Alia
1371 716 1533 759 ratione
1564 717 1609 759 in

197 792 386 835 hiatibus
417 792 716 835 distribuendis
748 807 848 834 usus
880 794 944 834 est
976 792 1200 844 Homerus,
1232 793 1305 847 qui
1326 792 1453 848 hujus
1475 807 1608 849 gene-

198 869 257 910 ris
303 869 465 911 hiatum
505 869 736 924 saepissime
782 869 826 911 in
855 870 1027 911 tertiam
1057 869 1196 911 thesin
1230 869 1413 922 admisit,
1445 870 1489 911 in
1519 870 1608 925 pri-

204 961 315 988 mam
348 948 390 988 et
420 946 610 1001 quintam
642 946 869 989 rarissime.

341 1022 495 1064 Hiatus
527 1025 625 1064 ante
656 1023 875 1073 vocabula,
913 1037 1006 1078 quae
1039 1037 1064 1064 a
1095 1023 1306 1078 principio
1337 1038 1362 1065 a
1393 1023 1608 1079 digammo

199 1100 459 1155 inceperunt,
493 1101 705 1142 exstantes
736 1099 782 1141 hi
803 1101 919 1142 sunt:
953 1098 1091 1142 XVII.
1115 1101 1171 1143 90
1194 1097 1279 1141 ἐπεί
1301 1096 1338 1141 οἱ
1359 1098 1457 1154 (IV)
1481 1081 1607 1156 [un

199 1190 293 1218 cum
326 1176 625 1218 conferendum
666 1179 731 1218 est
761 1176 886 1218 Hom.
919 1175 970 1218 Il.
1002 1175 1099 1218 XII.
1133 1178 1217 1218 407
1252 1174 1338 1217 ἐπεί
1370 1173 1407 1217 οἱ
1440 1175 1518 1231 (ΙΙ)
1551 1196 1606 1211 =

199 1252 248 1295 Il.
282 1251 423 1296 XVII.
457 1254 538 1296 577
573 1251 690 1307 (II)]‚
722 1252 816 1295 XV.
852 1254 934 1295 110
958 1250 1106 1307 Ἑλένᾳ
1128 1249 1258 1293 εἰκυῖα
1279 1253 1373 1308 (V);
1395 1254 1461 1296 cfr
1481 1253 1605 1296 Hom.

200 1328 278 1371 Od.
313 1327 409 1370 XII.
446 1331 498 1371 79
531 1328 740 1383 περιξέστῃ
772 1325 902 1368 εἰκυῖα
933 1328 1021 1383 (V).
1592 1376 1595 1379 ,

343 1402 608 1460 ἁποσχομὲνω
638 1401 806 1461 ὑσμίνης
836 1403 973 1447 XXII.
1009 1405 1092 1448 174
1123 1404 1217 1460 (V):
1251 1401 1393 1462 ὑσμίνη
1425 1406 1607 1449 vocabu-

198 1482 287 1523 lum
332 1482 431 1523 olim
478 1497 502 1522 a
548 1481 723 1536 palatali
768 1482 954 1536 spirante
996 1482 1203 1536 incepisse
1235 1484 1361 1536 atque
1393 1497 1418 1523 a
1448 1496 1605 1533 sanscr.

147 1587 150 1590 -
188 1558 302 1613 judh
333 1558 608 1600 derivandum
647 1572 737 1599 esse
770 1558 891 1616 docet
921 1557 1038 1601 curt.
1069 1557 1265 1600 Grundzx
1284 1559 1338 1600 62
1370 1573 1473 1613 seq„
1506 1560 1606 1602 397.

197 1633 330 1677 Nulla
375 1649 473 1678 vero
518 1633 644 1690 hujus
690 1634 892 1690 spirantis
929 1634 1104 1678 initialis
1136 1635 1248 1690 apud
1278 1634 1507 1677 Homerum
1540 1635 1606 1677 in-

198 1712 335 1755 veniri
380 1712 561 1768 vestigia
607 1712 790 1754 ostendit
836 1712 952 1753 Knos
1001 1711 1079 1753 'De
1120 1712 1334 1767 digammo
1365 1712 1604 1754 Homerico'

203 1789 308 1838 1702
355 1804 490 1845 neque
537 1791 679 1831 tamen
725 1789 826 1831 satis
857 1792 971 1831 recte
1002 1788 1112 1831 hanc
1143 1803 1289 1838 vocem
1319 1789 1371 1831 iis
1403 1788 1606 1832 adnume-

198 1866 309 1909 ravit
341 1866 482 1907 Kunst
513 1865 646 1919 (106),
681 1866 787 1920 'quae
819 1880 986 1920 semper
1015 1859 1181 1907 vocales
1212 1865 1429 1908 habebant
1459 1866 1504 1908 in
1525 1866 1606 1907 ini-

198 1943 288 1986 tio'.
322 1967 376 1984 —.
409 1942 474 1985 De
507 1942 659 1985 ceteris
701 1942 939 1998 hujusmodi
979 1942 1167 1985 hiatibus
1208 1943 1386 1998 singulis
1418 1942 1607 1998 disputat

199 2019 340 2061 Kunst
370 2033 440 2074 pp.
477 2019 722 2061 105—107.

340 2095 549 2151 Exempla
594 2096 734 2151 longae
772 2096 946 2151 syllabae
978 2096 1115 2138 finalis
1147 2098 1244 2138 ante
1276 2096 1463 2138 vocalem
1494 2096 1607 2138 inse-

199 2173 367 2229 quentis
399 2173 512 2215 vocis
544 2172 751 2214 initialem
782 2173 826 2214 in
858 2173 942 2214 arsi
973 2187 1052 2214 uon
1085 2175 1289 2228 correptae
1311 2186 1524 2228 perpauca
1544 2172 1606 2227 (in

344 2345 371 2389 ¹)
398 2345 562 2384 Hiatum.
588 2344 652 2389 qui
677 2346 734 2380 est
758 2344 857 2380 inter
880 2341 1011 2377 Μοῖσαι
1032 2340 1082 2377 ἴτε
1100 2344 1283 2379 vocabula.
1299 2343 1338 2379 in
1356 2346 1490 2389 quarta
1510 2344 1607 2380 thesi

200 2415 324 2440 versus
349 2403 582 2439 intercalaris
608 2404 634 2438 I.
663 2404 731 2438 127
757 2405 870 2448 atque
894 2402 1007 2438 etiam
1033 2414 1092 2437 vv.
1119 2403 1198 2444 131,
1226 2402 1304 2445 137,
1333 2403 1400 2438 142
1424 2402 1532 2438 nobis
1549 2414 1607 2438 oe·

200 2463 325 2504 currit,
351 2463 462 2499 semel
489 2465 636 2498 tantum
660 2461 871 2498 muneravit
896 2462 1026 2498 Kunst.
1592 2454 1595 2456 ³

344 2520 371 2566 ²)
399 2522 520 2557 Kunst
554 2520 622 2556 XX
657 2521 878 2562 numeravit,
904 2521 944 2555 in
968 2532 1040 2566 quo
1064 2532 1215 2556 numero
1241 2521 1355 2556 etiam
1380 2521 1496 2557 habet
1521 2520 1606 2554 ἑκα-

199 2579 351 2628 στοτέρω
379 2579 434 2626 ἔμ’
458 2579 537 2616 XV.
564 2581 595 2622 7,
620 2592 731 2626 quam
757 2569 977 2626 scripturam
1001 2580 1106 2615 nullo
1131 2579 1239 2615 modo
1266 2579 1352 2615 ferri
1376 2591 1482 2626 posse
1499 2583 1606 2616 nemo'

199 2642 257 2676 est
280 2639 369 2685 quin
395 2639 532 2676 videat.
