2056 3176
862 245 1062 289 —3-

396 364 458 409 Id.
506 363 606 418 XII,
653 378 822 423 carmen
854 364 1117 422 amatorium,
1150 363 1288 406 ionica
1319 363 1499 406 dialecto
1529 362 1664 419 scrip-

252 445 344 486 tum
374 458 465 485 esse
497 442 735 497 complures
764 443 895 483 testes
924 441 1135 483 affirmant
1156 442 1250 492 (cfr.
1274 440 1492 482 Fritzsche
1514 440 1661 496 Magn.

252 519 332 562 Ed.
366 520 465 579 375,
496 504 667 574 Ziegler‘
696 515 764 559 111
796 517 874 564 Ed.
908 518 977 570 68,
1009 516 1192 571 Alaeus,
1225 517 1519 559 Bucolicorum
1543 516 1661 559 Ren-

219 579 222 582 ⁴
251 595 376 650 quiae.
437 594 554 636 Tom.
587 592 622 636 I.
655 594 742 644 89).
804 592 959 635 Omnes
1000 594 1089 635 fere
1121 593 1301 635 editores
1331 594 1586 636 recentiores
1617 594 1661 635 in

249 672 329 714 hoc
360 672 417 715 id.
448 672 606 713 formas
627 671 787 713 ionicas
808 670 876 713 vel
898 671 1038 726 epicas
1060 671 1215 725 ubique
1237 671 1512 713 restituerunt
1532 671 1660 713 etiam

249 748 302 789 iis
349 748 464 798 locis,
511 747 585 789 ubi
615 747 798 801 optimus
829 747 1006 801 quisque
1039 747 1171 788 codex
1203 747 1367 788 doricas
1397 749 1528 788 tenet.
1593 747 1660 788 Ex

219 826 221 828 ’
248 824 301 866 iis
333 824 601 876 edit-ionibus,
633 839 727 878 quae
761 823 864 865 mihi
895 826 1049 877 praesto
1080 824 1265 875 fuerunt,
1287 839 1372 865 una
1396 848 1448 852 —
1472 823 1657 878 Ziegleri

250 900 344 942 dico
377 924 431 929 —-
462 899 617 942 multas
650 899 812 941 doricas
844 899 1000 941 formas
1033 914 1055 941 e
1087 899 1300 941 codicibus
1333 900 1506 955 recepit,
1529 899 1590 941 ita
1611 902 1658 941 ut

248 977 400 1018 miram
445 992 545 1018 sane
592 977 776 1031 speciem
822 978 1013 1030 praebere
1059 976 1165 1017 mihi
1212 978 1406 1018 videatur
1454 977 1658 1037 dialectus

247 1052 375 1108 hujus
408 1052 620 1103 carminis,
654 1052 778 1107 quale
811 1052 922 1106 apud
945 1051 1186 1108 Zieglerum
1210 1054 1362 1094 exstat.
1425 1052 1550 1093 Haud
1572 1052 1658 1093 scio

248 1144 299 1171 an
334 1129 549 1171 Fritzsche
579 1130 608 1170 l.
641 1144 676 1170 c.
710 1129 942 1170 375-378
975 1129 1130 1183 ubique
1158 1130 1254 1183 jure
1286 1129 1520 1170 restituerit
1550 1129 1656 1170 ioni-

247 1220 340 1247 cam
370 1205 440 1248 vel
471 1206 634 1260 epicam
668 1205 908 1248 dialectum.

387 1280 437 1322 In
469 1282 552 1323 idd.
586 1281 970 1333 XXVIII—-XXX‚
994 1297 1087 1336 quae
1110 1284 1207 1322 sunt
1228 1282 1415 1322 carmina
1439 1282 1654 1333 amatoria,

247 1357 394 1400 aeolica
426 1358 669 1400 dominatur
701 1358 918 1400 dialectus.

386 1434 453 1475 Ex
485 1435 741 1477 carminibus
773 1434 1034 1476 Theocriteis
1066 1435 1151 1476 idd.
1185 1434 1266 1476 XV
1298 1437 1340 1476 et
1371 1433 1497 1476 XXII
1524 1435 1654 1489 potis-

245 1497 397 1552 simum
443 1511 567 1567 elegi,
611 1512 661 1553 de
692 1527 870 1566 quorum
901 1512 1081 1554 dialecto
1113 1513 1349 1553 accuratius
1381 1512 1652 1566 disputarem,

244 1587 401 1642 quippe
448 1602 626 1642 quorum
671 1590 896 1643 utrumque
942 1588 986 1629 in
1031 1603 1106 1629 suo
1143 1602 1298 1643 genere
1331 1588 1511 1629 maxime
1544 1590 1654 1629 esset

244 1664 424 1719 insigne.
487 1663 536 1705 Iu
581 1665 749 1706 mimico
796 1665 981 1706 carmine
1027 1663 1109 1706 XV
1155 1665 1438 1718 componendo
1483 1667 1652 1719 poetam

245 1741 340 1781 ante
373 1740 514 1782 oculos
546 1740 744 1783 habuisse
777 1740 1007 1801 Sophronis
1038 1741 1225 1792 mimum,
1260 1741 1376 1782 cuius
1407 1741 1555 1782 titulus
1587 1756 1652 1782 es—

244 1818 309 1857 set
339 1817 403 1855 ταὶ
433 1817 611 1870 θάμεναι
643 1818 692 1856 τὰ
723 1814 908 1871 Ἴσθμια,
942 1831 994 1858 ex
1024 1817 1091 1857 his
1123 1817 1364 1872 argumenti
1396 1817 1527 1872 graeci
1557 1832 1651 1858 ver-

243 1891 308 1934 bis
338 1892 481 1950 videre
517 1892 638 1935 licet:
683 1889 916 1946 παρέπλασε
950 1892 993 1933 δὲ
1025 1894 1067 1933 τὸ
1099 1895 1332 1948 ποιημάτιον
1370 1890 1416 1933 ἐκ
1446 1899 1519 1932 τῶν
1541 1894 1651 1946 παρὰ

244 1965 420 2024 Σώφρονι
452 1966 640 2024 θαμένων
673 1970 722 2009 τὰ
757 1967 942 2024 Ἴσθμια.
996 1969 1159 2011 Primas
1194 1973 1336 2024 partes
1358 1971 1491 2025 agunt
1512 1969 1651 2025 Gorgo

243 2046 286 2085 et
317 2044 539 2097 Praxinoa,
572 2046 768 2087 mulieres
800 2045 1087 2101 Syracusanae.

384 2120 446 2164 Id.
486 2120 611 2163 XXII
644 2125 707 2164 est
739 2122 919 2178 hymnus
962 2124 1004 2164 in
1035 2124 1272 2165 Dioscuros.
1335 2123 1402 2165 Ad
1435 2123 1650 2177 exemplar

241 2192 501 2253 hymnorum
523 2198 859 2250 Homericorum,
891 2200 964 2255 qui
990 2203 1204 2251 vocantur,
1236 2200 1542 2241 conformatum
1573 2202 1647 2242 est.

241 2273 519 2325 Baumeister‚
565 2276 638 2330 qui
672 2276 860 2331 Hymnos
892 2276 1140 2318 Homericos
1171 2277 1325 2331 Lipsiae
1361 2278 1472 2318 1860
1506 2277 1649 2327 edidit,

242 2365 283 2405 p.
317 2352 400 2393 369
433 2365 520 2406 seq.
552 2351 597 2392 in
629 2352 899 2394 adnotatione
933 2353 985 2394 ad
1015 2353 1218 2407 hymnum
1250 2351 1450 2404 XXXIII,
1483 2353 1555 2406 qui
1577 2349 1649 2397 Εἰς

241 2423 512 2481 Διοσκοὺρους
541 2428 799 2481 inscribitur,
831 2428 923 2471 haec
954 2432 1119 2472 monet:
1169 2444 1326 2484 „neque
1358 2429 1495 2470 minus
1527 2429 1648 2471 dubi-

241 2503 324 2545 tari
353 2506 505 2558 potest,
538 2505 640 2560 quin
671 2506 940 2548 obversatum
962 2506 1017 2547 sit
1038 2505 1261 2548 Theocrito
1283 2507 1327 2547 in
1349 2506 1649 2548 conscribendo

242 2580 427 2624 carmine
473 2581 612 2636 XXII,
655 2583 771 2639 ,quod
817 2599 945 2639 quum
993 2586 1124 2626 totum
1157 2586 1349 2628 versetur
1379 2584 1423 2626 in
1454 2583 1648 2626 laudibus

241 2657 555 2712 Dioscmorum,
595 2660 639 2701 in
679 2661 894 2715 prooemio
925 2663 1039 2703 certe
1069 2662 1261 2716 Proxime
1294 2661 1455 2702 accedit
1486 2661 1539 2702 ad
1569 2660 1648 2702 hoc
