2056 3176
865 237 1093 278 -25-

937 376 1016 420 ΙΙΙ.

414 472 484 516 De
517 486 552 512 ει
585 472 635 515 et
668 486 679 511 ι
710 470 1028 528 productione
1060 471 1366 529 suppletoria
1396 471 1543 516 natis.

416 584 589 626 Constat
635 587 678 625 et
723 584 766 625 in
814 583 934 638 epica
966 584 1146 626 dialecto
1177 586 1220 625 et
1251 584 1292 625 in
1325 583 1493 626 mitiore
1527 584 1684 626 Doride

274 661 548 717 productione
579 660 840 716 suppletoria
872 675 924 702 ex
956 675 973 701 ε
1006 663 1145 703 ortum
1177 675 1268 703 esse
1291 675 1338 708 ει,
1361 674 1387 717 η
1410 661 1453 703 in
1475 660 1684 704 severiore

275 738 444 780 Doride.
507 736 557 779 In
587 737 643 779 id.
676 737 758 779 XV
788 737 929 779 omnia
960 738 1200 792 hujusmodi
1233 738 1429 792 exempla
1460 752 1496 778 e·-
1523 740 1684 790 tenent,

274 814 559 871 praetermisso
605 814 677 857 illo
724 816 924 871 πετεηνός,
974 814 1024 857 de
1071 829 1153 870 quo
1194 814 1296 869 quid
1327 814 1383 857 sit
1413 815 1685 857 statuendum

273 893 454 933 nondum
503 892 606 933 satis
653 906 858 947 apparere
900 892 990 947 jam
1038 906 1166 946 supra
1205 891 1382 934 ostendi.
1418 916 1471 920 ——
1504 891 1569 935 De
1602 907 1686 935 uno

274 969 479 1011 vocabulo
524 970 769 1022 disputabo:
817 969 975 1023 legitur
1006 969 1050 1009 in
1090 969 1212 1017 erasi,
1245 984 1370 1022 quam
1402 972 1566 1020 vocant,
1599 966 1686 1014 κείς

274 1059 340 1087 vv.
375 1044 445 1097 74,
481 1044 578 1096 136,
605 1043 701 1097 147,
726 1043 875 1087 ceteris
897 1059 997 1087 vero
1019 1043 1211 1087 omnibus
1233 1044 1337 1087 locis
1358 1044 1480 1088 nobis
1502 1031 1686 1087 occurrit

274 1122 408 1163 altera
453 1121 579 1176 hujus
625 1121 784 1162 seculae
824 1122 960 1163 forma
1000 1119 1042 1166 ἐς
1073 1136 1138 1163 vv.
1173 1123 1243 1173 22,
1277 1123 1345 1173 27,
1380 1122 1448 1173 57,
1482 1123 1551 1173 61,
1588 1123 1684 1173 108,

277 1198 374 1251 143,
425 1198 522 1241 149.
585 1196 777 1253 Utraque
826 1197 959 1240 forma
991 1197 1034 1240 iu
1066 1197 1163 1251 ion.,
1196 1201 1286 1251 att„
1319 1197 1410 1240 mit.
1443 1199 1546 1251 dor.,
1578 1198 1683 1242 lesb.

275 1275 467 1317 dialectis
515 1277 666 1327 exstat,
699 1275 742 1316 in
774 1275 981 1317 severiore
1014 1275 1170 1318 Doride
1203 1276 1339 1317 forma
1372 1273 1415 1322 ἐς
1440 1276 1544 1318 sola.
1606 1276 1682 1318 Se-

275 1352 457 1395 cundum
488 1351 595 1395 Ahr.
629 1352 757 1395 Diall.
792 1350 824 1394 I.
861 1353 957 1404 151,
990 1350 1045 1395 II.
1081 1353 1176 1405 105,
1211 1354 1294 1396 358
1327 1368 1414 1408 seq.
1439 1369 1461 1395 e
1483 1353 1684 1408 primario

276 1426 340 1475 ἐνς
370 1431 472 1471 nata
503 1432 600 1470 sunt
633 1426 692 1475 εἰς
719 1432 761 1471 et
783 1427 838 1475 ἐς.
901 1429 974 1471 Cfr
995 1429 1169 1487 Brugm.
1194 1429 1311 1471 Stud.
1334 1428 1410 1472 IV.
1434 1432 1503 1472 90.
1556 1430 1685 1472 Allen

276 1505 390 1547 Curt.
424 1504 543 1547 Stud.
585 1504 662 1547 III.
697 1505 803 1548 274:
858 1504 941 1557 „At
971 1505 1176 1547 falluntur
1207 1505 1277 1560 qui
1311 1507 1462 1560 putant
1494 1508 1537 1547 et
1570 1504 1609 1546 ὲν
1643 1509 1685 1547 et

277 1570 346 1631 εἷς,
381 1579 423 1627 ἐς
465 1582 517 1623 ad
549 1585 812 1623 communem
843 1581 1027 1636 speciem
1060 1579 1123 1627 ἐνς
1154 1582 1388 1623 revocanda
1420 1597 1524 1634 esse,
1557 1597 1683 1637 quam

275 1658 529 1700 sententiam
562 1659 698 1700 forma
730 1657 786 1698 ἐνί
817 1659 919 1699 satis
952 1659 1122 1700 refutat.
1186 1655 1270 1705 Εἰς,
1304 1657 1346 1704 ἐς
1379 1661 1472 1701 orta
1502 1662 1601 1701 sunt
1631 1675 1684 1701 ex

277 1733 353 1783 ὲνς,
386 1735 513 1790 idque
545 1750 597 1777 ex
630 1733 720 1781 ἐνίς,
754 1736 864 1790 quod
897 1736 1044 1777 eadem
1076 1736 1403 1791 amplificatione
1437 1751 1488 1777 ex
1516 1734 1573 1776 ἐνί
1595 1737 1684 1778 fac-

273 1814 364 1853 tum
397 1814 462 1853 est
493 1815 619 1866 atque
652 1808 778 1868 ἁμφίς
809 1827 861 1853 ex
893 1809 1007 1867 ἀμφὶ,
1041 1814 1187 1866 μέχρις
1218 1827 1268 1853 ex
1302 1809 1435 1866 μέχρι,
1470 1810 1510 1859 ἐξ
1542 1828 1593 1854 ex
1625 1810 1683 1860 ἐκ,

274 1888 346 1930 abs
379 1904 430 1930 ex
463 1888 513 1930 ab
544 1889 667 1940 etc.“,
700 1903 827 1942 quam
858 1889 1111 1930 sententiam
1138 1889 1229 1943 jam
1261 1891 1357 1930 ante
1389 1888 1557 1931 Curtius
1586 1905 1686 1944 pro-

274 1964 386 2006 tulit.
449 1964 591 2006 Etiam
623 1964 794 2006 Renner
826 1964 940 2007 Curt.
974 1963 1092 2007 Stud.
1126 1963 1188 2007 Ita
1222 1965 1303 2007 174
1339 1961 1407 2011 εἰς,
1442 1962 1484 2011 ἐς
1516 1967 1569 2008 ab
1603 1963 1682 2012 ὲνίς

282 2041 512 2084 derivanda
545 2044 700 2083 censet.
736 2065 788 2070 --
824 2042 983 2084 Clemm
1016 2042 1130 2084 Curt.
1165 2041 1283 2084 Stud.
1315 2041 1434 2083 VIII.
1460 2044 1513 2084 15
1535 2058 1622 2097 seq.
1647 2040 1686 2082 ἐν

276 2120 318 2159 et
350 2114 420 2164 εἰς,
453 2116 497 2163 ἐς
527 2118 1065 2172 praepositiones-ejusdem
1106 2118 1249 2172 stirpis
1287 2118 1590 2173 pronominalis
1623 2119 1686 2160 di-

274 2209 415 2235 versos
462 2209 582 2235 casus
629 2209 718 2235 esse
766 2196 888 2248 putat
928 2197 1053 2249 atque
1100 2195 1160 2235 ita
1191 2195 1376 2249 quidem,
1410 2198 1456 2236 ut
1489 2210 1540 2236 ex
1572 2195 1683 2250 sing.

274 2270 454 2312 locativo
486 2269 564 2310 ὲν-ι
595 2273 733 2312 ortum
766 2271 821 2312 sit
853 2269 906 2317 ὲν,
942 2267 998 2316 εἰς
1021 2273 1063 2312 et
1085 2267 1129 2316 ἐς
1151 2285 1201 2312 ex
1223 2271 1332 2326 plur.
1356 2271 1537 2313 locativo
1560 2269 1683 2319 ἐν-σε,

276 2347 392 2389 euius
439 2348 634 2389 suffixum
666 2362 739 2388 ·-σε
771 2348 879 2389 idem
914 2350 1040 2403 atque
1074 2348 1368 2391 vocabulorum
1402 2351 1512 2395 πόσε,
1547 2346 1685 2404 ὁμόσε,

255 2415 396 2478 ’ὑψόσε
429 2426 526 2465 cett.
560 2425 628 2467 sit.
696 2425 843 2477 „Certe
875 2425 1045 2479 quidem
1077 2439 1098 2466 e
1131 2425 1266 2466 forma
1300 2422 1387 2465 ἐνσε
1420 2425 1547 2467 etiam
1582 2426 1685 2468 faci-

273 2499 355 2541 lius
387 2501 572 2542 doricum
605 2499 670 2546 ὲνς
700 2516 827 2555 quam
858 2516 909 2542 ex
942 2498 1065 2546 ἐν-ι-ς
1096 2502 1212 2543 nasei
1243 2501 1393 2556 potuit.
1429 2525 1482 2530 —-
1514 2501 1565 2543 In
1594 2502 1685 2544 dia-

273 2575 394 2618 lectis
425 2577 677 2631 quibusdam
708 2577 860 2634 graecis
892 2575 980 2623 ἐν-ς
1010 2578 1177 2632 abjecta
1208 2578 1326 2620 finali
1357 2593 1537 2620 consona
1568 2578 1612 2620 in
1646 2576 1686 2619 ἐν

274 2652 507 2704 mutilatur,
555 2654 664 2708 quod
712 2668 812 2695 cave
859 2668 911 2694 ne
960 2668 1053 2695 cum
1094 2651 1134 2693 ἐν
1165 2669 1242 2708 pro
1276 2651 1331 2693 ἐνί
1364 2654 1610 2706 confundas,
1644 2658 1686 2696 et
