2056 3176
842 195 1075 241 *47*

904 313 1005 359 VII.

384 410 667 458 Solutarum
697 409 954 463 vocalium,
983 422 1186 468 quarum
1216 408 1351 468 prior
1379 423 1407 467 η
1438 409 1534 462 est,

249 494 351 552 haec'
372 508 504 551 affero
534 506 728 562 exempla
758 521 811 549 ex
841 506 898 550 id.
929 504 1056 549 XXII
1086 508 1278 561 sumpta:

390 598 464 641 ηεε
495 581 650 641 ἠελίοιο
679 599 720 627 v.
752 585 823 636 84,
854 581 924 641 ἦεν
954 599 995 627 v.
1028 584 1134 635 130;

391 675 455 719 ηις
488 659 584 718 ἄρηι
614 676 653 704 v.
687 660 785 712 175,
817 657 1046 718 Ἀφαρηίοο
1075 675 1117 704 v.
1149 660 1247 703 207.

893 812 1015 856 VIII.

652 919 720 965 De
752 933 773 961 ο
804 933 912 965 cum
942 932 1042 977 seq.
1073 918 1246 965 vocali.

389 1016 447 1061 A.
496 1030 531 1057 .ο
562 1031 654 1059 cum
687 1030 775 1071 seq.
807 1029 835 1055 α
865 1018 908 1058 et
939 1030 995 1058 αι.

830 1108 881 1151 In
911 1110 968 1152 id.
1000 1109 1083 1152 XV

391 1205 442 1246 οᾶ
473 1205 614 1247 dorica
645 1196 943 1247 censuetudine
974 1204 1020 1246 in
1051 1212 1078 1245 ᾶ
1110 1204 1370 1247 coalescunt:

390 1287 539 1336 πρᾶτον
570 1296 637 1324 vv.
671 1281 741 1333 78,
774 1281 843 1323 85.
905 1280 1012 1324 Ahr.
1043 1281 1071 1323 1.
1103 1294 1141 1324 c.
1165 1281 1244 1323 181
1269 1287 1420 1335 πρᾶτος
1440 1295 1493 1323 ex
1513 1283 1656 1324 vetere

249 1359 432 1412 quodam
463 1358 619 1412 superl.
642 1359 842 1410 πρὰτατος
863 1357 1067 1411 prodiisse
1088 1357 1308 1411 opinatur-3
1341 1357 1518 1413 Brugm.
1539 1357 1655 1400 Curt.

249 1432 368 1477 Stud.
400 1432 476 1477 IV.
512 1433 595 1477 154
626 1439 776 1488 πρᾶτος
806 1433 859 1476 ad
890 1433 1046 1489 superl.
1075 1438 1311 1492 πρα-Γατος
1330 1433 1530 1489 adjectivi
1551 1446 1656 1488 πρα-

173 1523 177 1527 ’
248 1513 353 1571 Γό-(ς
398 1511 579 1563 reduxit,
626 1525 804 1566 eumque
847 1513 1014 1553 secutus
1060 1513 1124 1553 est
1168 1510 1344 1553 Meister
1387 1510 1503 1553 Curt.
1535 1509 1653 1554 Stud.

250 1587 326 1631 IV.
360 1589 458 1631 376.
521 1587 582 1631 At
622 1587 671 1631 G.
703 1587 852 1643 Meyer
884 1588 968 1630 154
1000 1589 1044 1630 et
1073 1587 1123 1630 L.
1155 1587 1303 1643 Meyer
1333 1588 1404 1640 44,
1437 1588 1536 1640 287,
1569 1589 1655 1631 590

248 1669 403 1719 πρῶτος
433 1664 520 1706 dor.
552 1660 701 1723 πρᾶτος
733 1678 786 1706 ex
816 1666 989 1717 πρόατος
1019 1664 1309 1706 deducendum
1335 1664 1593 1706 contendunt
1613 1667 1657 1707 et

248 1746 384 1796 nuper
413 1740 589 1798 Brugm.
622 1739 790 1784 Griech.
823 1739 966 1783 Gram.
990 1741 1043 1783 67
1067 1741 1274 1782 concessit
1294 1746 1449 1795 πρῶτος
1467 1740 1655 1796 (πρᾶτος)

249 1820 324 1860 aut
360 1832 414 1859 ex
453 1819 627 1871 πρόατος
666 1832 756 1860 esse
788 1820 926 1867 ortum
956 1819 1030 1858 aut
1059 1832 1136 1872 pro
1166 1817 1424 1872 superlativo
1455 1818 1656 1874 adjectivi

249 1900 440 1954 πρωξο-ς
469 1893 725 1937 habendum.
786 1894 929 1936 Etiam
959 1893 1137 1936 Meister
1167 1893 1296 1936 Diall.
1328 1892 1363 1935 Ι.
1392 1895 1449 1937 98
1469 1897 1655 1936 statuere

248 1971 416 2019 videtur
447 1978 474 2013 ᾱ
503 1971 549 2014 in
578 1977 727 2026 πρᾶτος
757 1971 1042 2014 contractione
1073 1986 1126 2014 ex
1157 1984 1208 2012 οα
1238 1970 1474 2027 profectum
1505 1985 1610 2014 esse.

391 2062 443 2090 οα
472 2049 640 2092 vocales
671 2038 842 2091 solutaez'

390 2128 515 2181 πρόαν
560 2141 600 2169 v.
650 2126 703 2168 15
752 2125 828 2169 bis.
893 2125 957 2168 De
1002 2126 1150 2181 πρῴην,
1197 2125 1345 2180 πρώαν,
1384 2127 1523 2180 πρόαν,
1555 2127 1657 2180 πράν

249 2193 387 2257 (πρᾶν)
415 2202 480 2244 cfr
499 2201 605 2245 Ahr.
627 2203 656 2244 l.
679 2217 715 2244 c.
739 2203 823 2245 182
845 2217 948 2257 seq.,
969 2202 1019 2245 L.
1041 2202 1189 2257 Meyer
1210 2202 1308 2254 288,
1331 2201 1507 2258 Brugm.
1528 2202 1572 2244 ll.
1596 2217 1656 2245 cc.

383 2291 457 2320 ,οαι
489 2293 573 2321 non
603 2281 759 2322 contr.:
793 2275 946 2333 ἁθρόαι
975 2293 1015 2321 v.
1050 2279 1147 2321 132.

803 2370 855 2415 In
883 2373 940 2415 id.
972 2371 1100 2415 XXII

390 2479 442 2507 οα
480 2466 526 2509 in
564 2480 610 2514 ω,
648 2468 696 2509 ut
725 2466 770 2509 in
799 2466 898 2517 ion„
931 2468 1023 2520 att„
1054 2467 1286 2509 recentiore
1317 2466 1438 2520 lesb.,
1469 2481 1535 2522 ep.
1567 2467 1657 2509 dia·-

174 2594 175 2597 ,
247 2541 369 2584 lectis
399 2543 494 2585 fieri
523 2543 644 2596 solet,
662 2543 936 2587 coalescunt:

392 2620 549 2676 πρώτου
579 2637 619 2666 v.
653 2622 724 2676 25,
754 2611 907 2677 πρῶτον
937 2636 978 2665 v.
1011 2621 1082 2676 26,
1114 2617 1265 2678 ἀμείνω
1294 2637 1334 2666 v.
1369 2621 1467 2666 114.
