2056 3176
939 277 1170 323 *20*

349 395 483 439 firmis
514 396 703 439 radicum
736 396 882 439 formis
914 396 980 442 πλ,
1013 410 1068 453 χρ
1090 398 1169 440 etc.
1194 397 1417 452 adjunct03
1450 397 1551 440 item
1574 397 1762 440 radicum

349 474 522 525 formas,
561 474 707 529 quales
739 477 837 516 sunt
868 473 945 514 τλα
976 477 1019 515 et
1050 487 1140 526 γνω,
1175 474 1385 529 adjunctis
1418 488 1444 514 α
1476 477 1519 516 et
1551 488 1571 514 0
1602 474 1762 517 suffixis

321 552 470 605 ‚natas
517 565 608 593 esse
656 551 907 606 suspicatur.
971 549 1020 594 G.
1069 550 1217 607 Meyer
1246 551 1274 593 l.
1309 566 1344 595 c.
1377 552 1421 593 in
1451 551 1518 593 his
1550 551 1762 594 radicibus

343 618 435 680 jani
482 627 786 681 antiquissimis
827 641 979 682 graecae
1012 627 1175 688 linguae'
1202 629 1462 682 temporibus
1493 641 1519 682 η
1551 628 1681 669 fuisse
1713 642 1761 668 ac

347 702 504 745 formas
536 709 563 744 ἃ
594 705 787 746 tenentes
819 703 954 756 (velut
985 705 1088 746 eret,
1120 703 1299 754 πλᾱθος)
1332 719 1384 746 ex
1417 704 1614 759 analogia
1641 704 1762 746 fictas

347 794 438 820 esse
471 780 604 822 docet.
667 780 732 822 De
764 780 923 831 formis,
956 795 1049 835 quae
1083 783 1110 819 ᾰ
1141 783 1300 833 tenent,
1333 781 1444 833 idem
1478 783 1621 822 censet
1652 780 1761 822 Mei-

346 858 436 898 ster
466 857 493 899 l.
527 871 563 899 c.

489 933 628 988 Hujus
674 934 842 989 generis
889 936 953 975 est
997 934 1130 975 forma
1161 934 1341 988 perfecti
1374 932 1569 988 δέδμανθ’
1601 934 1647 976 v.'
1677 936 1758 976 120

348 1008 463 1064 (δμᾶ,
498 1009 603 1065 δμηε
638 1007 777 1064 δέμω),
809 1025 935 1065 quam
970 1034 1021 1039 ——
1056 1010 1138 1051 nisi
1160 1010 1438 1065 hyperdorica
1455 1006 1685 1065 judicanda
1706 1011 1762 1052 sit

346 1086 429 1135 (cfr
483 1085 653 1127 Pindar.
701 1082 930 1140 θεόδματος
976 1086 1137 1128 Morsb.
1187 1087 1254 1138 14,
1308 1085 1516 1128 Schrader
1563 1087 1661 1138 324,
1710 1086 1759 1128 G.

347 1161 495 1217 Meyer
544 1161 645 1216 188)
681 1186 731 1191 —-
766 1160 815 1204 G.
863 1161 1082 1217 Meyerum
1130 1165 1173 1203 et
1218 1162 1467 1204 Meisterum
1509 1165 1676 1204 secutus
1708 1177 1760 1204 ex

347 1239 543 1293 analogia
605 1239 746 1280 fictam
808 1253 898 1279 esse
960 1241 1075 1293 puto.
1127 1239 1284 1280 Morsb.
1336 1239 1364 1280 l.
1414 1253 1450 1281 c.
1493 1242 1535 1280 et
1577 1239 1759 1294 Rumpel

345 1315 532 1357 Lexicon
570 1314 747 1357 Theocr.
781 1315 834 1356 ad
864 1317 1050 1356 nostram
1081 1315 1258 1356 formam
1302 1315 1595 1370 explicandam
1639 1314 1755 1371 δάμω

345 1392 557 1447 quoddam
588 1392 813 1434 finxerunt.
867 1391 958 1433 Hoc
981 1407 1064 1434 uno
1085 1392 1175 1434 loeo
1197 1390 1279 1447 δμᾱ
1300 1392 1419 1434 nobis
1441 1393 1623 1434 occurrit
1644 1393 1757 1447 apud

345 1468 640 1518 Theocritum;
674 1469 825 1510 ceteris
866 1468 1060 1510 omnibus
1099 1469 1204 1510 locis
1237 1467 1316 1524 δμη
1349 1469 1529 1524 legitur:
1565 1466 1758 1524 δέδμηνθ’

345 1544 480 1587 XXV.
515 1546 584 1595 24,
617 1542 789 1600 δέδμητο
820 1543 960 1586 XVII.
995 1545 1063 1596 18,
1096 1542 1356 1600 ἐνδὲδμηνται
1387 1543 1525 1587 XVII.
1555 1546 1628 1587 82.

404 1622 408 1624 ’
486 1620 679 1676 κρηπῖδες
710 1625 748 1662 v.
783 1622 822 1672 6,
854 1618 1035 1676 ἡμιθέων
1064 1636 1102 1663 v.
1128 1622 1225 1671 137,
1250 1636 1427 1675 quorum
1448 1622 1608 1663 radices
1630 1622 1758 1663 etiam

345 1698 389 1739 in
436 1712 578 1753 graeca
617 1697 766 1752 lingua
798 1710 824 1736 α
855 1697 1054 1748 tenuisse,
1087 1712 1170 1738 non
1203 1698 1366 1748 desunt,
1399 1698 1472 1752 qui
1503 1698 1757 1752 putaverint.

345 1774 506 1824 Quibus
538 1774 582 1815 in
603 1774 776 1815 vocibus
800 1776 972 1828 propter
993 1774 1209 1828 sequentis
1231 1774 1403 1827 syllabae
1426 1775 1613 1830 yocalem
1638 1789 1649 1814 ι
1673 1775 1759 1829 syl-

344 1850 454 1892 labae
487 1850 775 1892 antecedentis
808 1863 834 1890 α
865 1849 908 1891 in
941 1862 966 1905 η
990 1851 1198 1891 mutatum
1222 1864 1313 1891 esse
1337 1850 1569 1892 arbitratur
1591 1850 1759 1892 Curtius

344 1927 526 1968 GrundZ.
561 1927 659 1969 589.
722 1926 948 1968 Morsbach
980 1927 1042 1967 illi
1074 1927 1210 1968 vocali
1245 1941 1256 1966 ι
1287 1927 1372 1968 vim
1394 1927 1525 1968 ullam
1547 1928 1758 1968 mutandae

345 2017 372 2043 α
402 2003 559 2046 voc-alis
590 2003 634 2044 in
663 2016 688 2058 η
720 2003 987 2045 tribuendam
1020 2018 1110 2045 esse
1138 2004 1235 2058 jure
1267 2017 1426 2059 negare
1459 2002 1563 2044 mihi
1592 2003 1759 2045 videtur

343 2080 549 2122 voeabula
581 2094 675 2134 quae
717 2082 814 2120 sunt
846 2076 996 2126 Μαλίς,
1031 2085 1160 2134 μᾶνις,
1194 2075 1360 2124 πλατίος
1392 2080 1444 2120 ad
1477 2062 1775 2133 comparatio-⁴

342 2172 440 2198 nem
472 2171 674 2198 revocans
706 2156 764 2210 (p.
809 2157 897 2211 35).
960 2156 997 2197 A
1033 2156 1176 2199 Curtio
1208 2156 1321 2198 haud
1353 2157 1532 2199 multum
1565 2156 1759 2198 dissentit

343 2233 555 2275 Schrader
584 2232 613 2274 1.
646 2247 681 2274 c.
715 2234 814 2283 321,
846 2233 918 2287 qui
950 2233 1067 2273 illam
1100 2247 1126 2272 α
1158 2233 1313 2274 vocalis
1345 2233 1389 2273 in
1420 2246 1445 2287 η
1480 2233 1756 2274 mutationem

342 2325 392 2351 eo
424 2309 620 2350 effectam
653 2322 743 2349 esse
781 2308 1007 2360 existimat,
1040 2309 1150 2363 quod
1184 2322 1195 2348 ι
1227 2323 1304 2363 per
1336 2308 1581 2363 epenthesin
1618 2308 1662 2349 in
1693 2307 1758 2361 ip-

342 2401 433 2428 sam
465 2385 652 2427 radicem
685 2384 946 2440 accepissent
977 2385 1051 2426 illa
1082 2385 1302 2436 voeabula,
1334 2385 1395 2427 ita
1427 2387 1473 2426 ut
1504 2385 1633 2426 totius
1665 2398 1758 2425 mu-

340 2463 514 2506 tationis
546 2462 704 2519 gradus
735 2461 809 2504 hos
841 2462 970 2504 fuisse
1001 2464 1177 2505 statuat:
1212 2459 1298 2517 ἁμι,
1333 2459 1433 2517 αῐμι,
1458 2458 1565 2516 ἁεμι,
1587 2458 1673 2518 ἡμι.
1700 2484 1752 2488 ---

342 2540 516 2591 Vocem,
562 2553 655 2594 quae
675 2570 680 2574 -
699 2541 763 2580 est
793 2540 938 2593 κρηπίς
969 2539 1042 2581 lat.
1077 2540 1258 2594 crepida,
1292 2554 1419 2594 quam
1452 2554 1476 2580 a
1508 2538 1597 2580 rad.
1630 2538 1759 2592 skarp

301 2628 305 2631 ’
342 2616 518 2658 deduxit
564 2615 684 2667 Fick,
717 2617 941 2671 cognatam
974 2630 1064 2657 esse
1097 2630 1191 2657 cum
1222 2615 1296 2657 lat.
1329 2614 1628 2670 carp-isculum
1661 2627 1758 2654 con-

318 2693 478 2735 -tendit
524 2691 794 2748 Siegismund
841 2691 955 2735 Curt.
1004 2691 1122 2734 Stud.
1154 2691 1208 2734 V.
1234 2692 1331 2734 149.
1391 2691 1486 2743 Hoc
1508 2688 1758 2732 vocabulum
