2056 3176
872 5 875 8 ⁴
887 2 900 17 ³·
912 4 917 14 ι
932 0 940 11 ¹>
953 0 980 20 ’τ
992 3 995 7 >
1016 0 1105 17 ''ff-¹⁴⁸*
1119 0 1144 17 .‹·<
1162 0 1175 10 ν
1185 0 1206 18 ,μ’
1215 0 1328 24 ·-·-·²'·,.„·-'·.
1338 0 1381 15 =*·.·
1393 0 1598 23 *8555'⁴“·⁴''5ffi¹'-'2‘,“

979 233 1239 278 -102-

401 354 500 394 sunt
530 352 643 407 apud
674 352 883 395 Cauerum
925 352 1171 404 129-134‚
1204 365 1224 393 ν
1255 349 1394 409 ἐφελκ.
1426 367 1511 395 non
1541 352 1701 409 legitur
1730 352 1813 396 nisi

401 429 446 470 in
491 429 674 471 secundo
718 442 843 471 versu
887 428 1174 483 inscriptionis
1220 428 1418 484 Thespiae
1464 432 1677 472 vetustum
1722 429 1814 484 epi-

402 519 595 560 gramma
640 504 908 557 continentis,
960 504 1032 547 ubi
1074 504 1198 545 θέκεν
1238 505 1497 562 paragogico
1528 519 1547 546 ν
1578 506 1813 549 recentiore

401 584 527 622 aetate
560 581 755 623 restituto
785 581 990 635 scriptum
1022 583 1174 623 exstat.
1235 579 1287 622 In
1315 582 1452 624 titulis
1484 582 1597 623 enim
1626 582 1814 623 numeris

401 658 586 700 astrictis
618 646 787 700 dialecti
821 657 1037 710 boeoticae,
1068 659 1195 713 prout
1224 658 1413 713 postulat
1432 661 1628 710 metrum,
1651 673 1671 699 ν
1694 673 1813 701 usur-

400 736 549 789 patum
581 735 657 776 est.
720 732 771 775 In
797 734 1099 776 vetustioribus
1120 733 1317 777 lesbiacae
1340 734 1511 778 dialecti
1531 735 1666 777 titulis
1687 735 1813 777 omit-

400 810 508 851 titur
552 824 586 857 ν,
633 810 678 851 in
724 810 1031 869 recentioribus
1078 809 1321 863 attrahitur,
1368 825 1506 866 neque
1552 826 1651 853 vero
1682 811 1811 853 ullam
1857 815 1863 824 “

402 885 680 927 constantiam
714 886 805 941 ejus
836 900 935 927 usus
967 886 1139 927 indicat.
1202 884 1252 927 In
1299 886 1436 928 titulis
1465 886 1705 932 thessalicis
1736 902 1813 942 pa-

400 962 649 1018 ragogicum
695 975 715 1002 ν
761 977 977 1017 nusquam·
1014 962 1230 1005 invenitur
1274 962 1469 1017 (Meister
1507 963 1535 1005 l.
1584 978 1620 1006 c.
1668 965 1809 1007 300—

402 1039 519 1088 301).
582 1038 757 1080 Collatis
798 1038 993 1081 omnibus
1038 1038 1175 1080 titulis
1207 1038 1349 1081 atticis
1380 1053 1489 1081 anno
1519 1039 1814 1081 trecentesimo

400 1130 437 1155 a.
486 1114 585 1156 Chr.
631 1129 672 1155 n.
705 1114 1008 1156 vetustioribus
1038 1114 1235 1156 Maassen
1267 1115 1296 1157 l.
1329 1129 1366 1157 e.
1398 1116 1572 1158 33—34
1604 1115 1695 1163 haec
1726 1118 1812 1156 sta—

398 1190 501 1233 tuit:
540 1191 604 1242 „1.
637 1189 750 1232 Usus
782 1189 1085 1246 epigraphicus
1116 1187 1232 1232 omni
1263 1206 1315 1233 ex
1347 1193 1467 1246 parte
1499 1207 1524 1233 a
1555 1191 1704 1247 regula
1724 1193 1813 1233 tra-

398 1266 543 1308 laticia
574 1266 786 1309 abhorret.
851 1269 891 1309 2.
923 1266 1062 1309 Tanta
1083 1269 1148 1309 est
1169 1268 1261 1323 ejus
1288 1267 1586 1318 inconstantia,
1609 1270 1656 1309 ut
1676 1283 1813 1323 neque

399 1344 486 1386 ullo
530 1344 736 1398 temporis
782 1345 994 1386 momento
1040 1344 1167 1386 certis
1212 1345 1381 1400 legibus
1428 1345 1653 1387 adstrictus
1684 1346 1740 1386 sit
1771 1348 1814 1386 et

399 1419 494 1462 aliis
539 1420 800 1475 temporibus
847 1419 974 1462 aliam
1019 1435 1109 1476 prae
1156 1435 1200 1462 se
1248 1421 1359 1463 ferat
1388 1420 1596 1476 speciem
1629 1421 1726 1463 inde
1758 1422 1812 1464 ab

400 1496 705 1551 antiquissimis
737 1497 864 1549 enim,
906 1497 1045 1552 quoad
1076 1499 1190 1539 retro
1221 1497 1433 1552 respicere
1463 1497 1576 1546 licet,
1608 1497 1812 1552 tempori·
1837 1540 1839 1542 ,

398 1573 477 1614 bus
523 1586 655 1627 usque
704 1573 755 1613 ad
788 1575 1013 1614 exeuntem
1044 1571 1109 1614 Ol.
1144 1574 1199 1614 93
1232 1572 1420 1626 (circiter
1451 1588 1489 1615 a.
1522 1573 1608 1615 400
1641 1588 1677 1614 a.
1712 1573 1811 1615 Chr.

398 1648 459 1702 n.)
508 1648 824 1704 angustioribus
869 1648 1062 1690 terminis
1108 1648 1294 1691 inclusus
1340 1648 1545 1704 paulatim
1589 1651 1811 1704 tantopere

399 1724 615 1777 accrescit,
647 1727 694 1767 ut
724 1726 803 1767 sub
834 1725 962 1767 finem
993 1725 1138 1768 saeculi
1168 1725 1311 1780 quarti
1342 1725 1498 1781 ubique
1530 1726 1619 1767 fere
1642 1727 1809 1781 conspi-

398 1787 536 1843 ciatur
565 1801 691 1844 litera
721 1802 1025 1858 paragogica“.
1073 1802 1138 1845 De
1166 1804 1320 1844 natura
1342 1804 1468 1858 atque
1490 1802 1653 1859 origine
1676 1802 1811 1846 literae

397 1892 417 1918 ν
464 1878 736 1934 paragogicae
784 1893 916 1935 agens
962 1880 1148 1921 statuere
1190 1878 1359 1921 videtur
1388 1878 1586 1921 Maassen
1617 1879 1706 1935 (pp.
1741 1881 1810 1933 50,

398 1955 473 2009 59)
512 1955 835 2009 „pronuntiandi
866 1955 1087 1997 facilitatis
1118 1955 1304 1997 studium
1336 1956 1389 1997 ad
1410 1955 1579 1997 literam
1600 1969 1619 1996 ν
1639 1970 1811 2011 procre-

397 2031 552 2073 andam
581 2030 879 2086 pertinuisse“‚
912 2044 1039 2086 quam
1069 2031 1323 2074 sententiam
1354 2045 1437 2074 non
1465 2032 1615 2074 desunt
1650 2032 1723 2088 qui
1743 2047 1811 2074 re-

393 2107 562 2161 jiciant.
626 2107 665 2147 A
712 2107 863 2161 poetiS‚
911 2111 957 2149 ut
995 2108 1118 2149 tollat
1147 2107 1313 2148 hiatum
1344 2110 1387 2148 et
1427 2108 1680 2162 positionem
1721 2109 1811 2150 effi-

397 2183 494 2236 ciat,
541 2182 652 2225 hanc
697 2183 865 2225 literam
912 2182 1105 2227 adhiberi
1154 2184 1257 2226 satis
1304 2186 1481 2227 constat.
1556 2183 1673 2227 Num
1719 2199 1811 2227 om-

395 2260 497 2302 nino
529 2263 646 2302 certa
677 2260 820 2315 aliqua
851 2262 895 2302 et
923 2260 1096 2315 propria
1126 2261 1191 2303 vis
1220 2260 1357 2303 literae
1390 2274 1409 2301 ν
1440 2261 1710 2317 paragogicae
1732 2261 1811 2303 tri-

397 2337 564 2379 buenda
594 2336 664 2388 sit,
696 2351 892 2391 quaenam
924 2353 949 2378 a
980 2337 1190 2392 principio
1220 2337 1351 2379 fuerit
1381 2337 1469 2390 illa,
1501 2340 1549 2379 ut
1575 2337 1636 2380 ita
1658 2334 1809 2390 dicam,

396 2413 679 2469 etymologica
708 2413 786 2465 vis,
818 2413 861 2455 in
893 2413 1047 2469 quibus
1076 2414 1251 2457 vocibus
1282 2413 1351 2457 vel
1382 2414 1530 2470 figuris
1561 2429 1639 2469 pro
1666 2414 1811 2457 nativa

396 2491 439 2531 et
484 2489 758 2546 primigenia,
798 2489 843 2531 in
874 2489 1027 2545 quibus
1057 2504 1134 2545 pro
1166 2490 1428 2532 extrinsecus
1460 2491 1676 2546 assumpta
1707 2504 1726 2531 ν
1757 2490 1810 2533 li-

395 2568 488 2608 tera
518 2566 716 2609 habenda
746 2565 816 2619 sit,
849 2590 903 2596 ——
936 2566 1003 2608 his
1035 2567 1085 2609 de
1117 2567 1244 2610 rebus
1276 2567 1521 2623 ambigitur.

523 3158 820 3176 ,·’,.ν..·.,ε...,..,;.[μη-,μω
879 3164 988 3176 κ..
1003 3160 1107 3176 ;.4.-
1143 3158 1210 3176 ,4,ηέ
1224 3147 1568 3176 κ.ιει;-.«“.,π.ι;ω.α·.ῑ.ἒέςι.ω’
1595 3162 1599 3166 ⁴
1619 3171 1621 3173 .
1641 3166 1648 3173 .·
1673 3154 1676 3161 “
1703 3159 1714 3164 ·’
1736 3161 1741 3171 r
1772 3148 1820 3166 ⁷⁰·-

2016 467 2032 495 ς)
2038 465 2056 507 {-

2013 515 2021 526 ·,·
2027 511 2056 552 ’Ξ

2031 550 2056 580 .;;«»,

2035 588 2056 605 ,ω

2034 607 2056 632 ὲ

2050 637 2056 647 X

2046 677 2053 685 Α
