2056 3176
418 429 516 470 αρος
560 431 600 459 v.
648 417 688 469 8,
730 415 833 470 (dat.
879 417 1007 471 part.)
1051 422 1225 457 πεινᾶντι
1256 431 1295 458 v.
1331 416 1428 458 148.
1491 415 1565 459 cfr
1595 415 1762 459 Ahr.1.
1795 431 1831 460 c.

420 494 665 545 196—200,
699 492 749 535 G.
780 492 930 548 Meyer-
963 493 1208 543 147—149,
1241 493 1460 536 Delbrtick
1493 493 1609 536 Curt.
1633 492 1753 537 Stud.
1775 493 1833 538 ΙΙ.

419 570 516 612 196.
579 569 645 611 De
692 571 833 625 etymo
879 569 1073 612 vocabuli
1119 570 1302 623 πάραρος
1341 569 1436 612 vide
1468 584 1610 625 supra.
1671 568 1719 612 In
1751 570 1833 613 hac

416 661 532 699 voce,
565 660 659 702 quae
692 661 744 689 ex
775 648 984 701 παράορος’
1010 649 1103 689 orta
1134 652 1318 701 παρᾱρος
1347 646 1476 690 scribi
1500 647 1660 701 debuit,
1682 647 1832 691 aeolica

416 725 695 780 barytonesis,
728 739 822 780 quae
854 726 1043 776 vocatur,
1076 707 1192 766 factu
1222 726 1298 766 est.

559 801 620 843 At
664 802 885 857 vulgarem
933 801 1209 843 contrahendi
1254 801 1463 844 rationem
1499 802 1616 845 nullo
1647 803 1773 845 modo
1806 786 1831 845 u

419 878 561 920 dorica
592 878 773 920 dialecto
813 877 1040 920 abhorrere
1072 877 1243 920 Ahrens
1277 878 1303 920 Ι.
1337 893 1373 921 ο.
1408 880 1490 922 197
1524 878 1678 931 docuit,
1711 880 1831 935 cujus

417 954 479 996 rei
511 969 563 996 ex
594 954 650 996 id.
683 953 765 996 XV
796 953 888 996 haec
919 954 1060 996 refero
1090 954 1285 1009 exempla
1317 955 1407 1005 (ubi
1434 968 1465 994 ω
1487 970 1540 997 ex
1561 955 1612 996 ἄο
1641 961 1832 998 contrac-

374 1022 382 1031 ’
416 1030 530 1072 tione
577 1031 715 1072 ortum
762 1032 861 1081 est):
909 1031 1147 1086 πειρώμενοι
1183 1031 1360 1084 vv.'61,
1396 1032 1493 1083 122,
1527 1027 1832 1086 ὑπερπωτῶντοιι
1881 1039 1886 1044 ’

416 1122 456 1150 v.
491 1108 589 1158 120,
622 1112 825 1147 πωτῶνται
856 1123 895 1149 v.
932 1108 1028 1149 122.

560 1183 624 1225 De
658 1184 767 1226 crasi
798 1184 893 1226 vide
925 1184 1051 1226 infra.

816 1278 883 1320 Ex
915 1278 970 1320 id.
1004 1276 1130 1320 XXII
1160 1278 1253 1321 haec
1285 1279 1437 1321 affero:

418 1367 468 1407 ἅο
499 1366 543 1408 in
576 1381 608 1406 ω
639 1366 882 1409 coalescunt
913 1367 958 1408 in
990 1363 1149 1421 ἐνώμων
1180 1381 1220 1410 v.
1254 1369 1331 1417 333

415 1444 457 1486 vi
498 1444 699 1498 spirantis
741 1444 975 1499 antiquitus
1006 1444 1243 1486 intersertae
1277 1444 1470 1494 efficitur,
1503 1447 1550 1486 ut
1581 1444 1731 1486 solutae
1764 1444 1831 1486 in-

415 1519 642 1562 veniantur
671 1519 862 1563 vocales:

418 1596 488 1637 ἄοε
523 1585 667 1637 ἆένᾶον
688 1612 727 1639 v.
751 1596 806 1638 37
830 1596 914 1649 (De
937 1596 1042 1639 lesb.
1065 1597 1182 1644 νοώω,
1207 1598 1282 1640 att.
1306 1595 1400 1645 νάω,
1426 1596 1549 1639 Hom.
1574 1598 1671 1637 ναίω
1693 1612 1717 1639 a
1738 1597 1830 1639 rad.

415 1687 494 1714 snu
526 1672 639 1714 natis
660 1672 756 1714 vide
777 1687 905 1726 supra
926 1688 967 1726 p.
992 1674 1031 1724 8,
1055 1687 1142 1727 seq.
1164 1675 1250 1714 not.
1273 1674 1313 1714 2.
1363 1673 1437 1714 Cfr
1458 1672 1587 1714 Hom.
1609 1672 1687 1714 od.
1709 1671 1830 1714 XIII.

419 1751 526 1799 109;
567 1745 679 1789 ὕδατ’
718 1746 944 1802 ἀενάοντα),
978 1751 1080 1806 φάος
1111 1765 1151 1792 v.
1184 1749 1239 1792 84
1272 1748 1378 1804 (rad.
1413 1751 1518 1806 φαΓ,
1550 1749 1657 1792 lesb.
1689 1753 1830 1806 φαῦος.

417 1825 491 1868 Ofr
522 1825 638 1868 Curt.
671 1826 700 1868 l.
733 1840 770 1868 e.
803 1826 887 1867 296
922 1840 1024 1881 seq.,
1048 1825 1224 1882 Brugm.
1248 1825 1363 1868 Curt.
1387 1825 1504 1868 Stud.
1528 1825 1603 1868 IV.
1639 1827 1736 1878 157,
1759 1826 1830 1878 44,

419 1904 516 1953 169,
552 1904 648 1952 173,
685 1903 752 1953 12,
785 1902 988 1957 Mangold
1021 1902 1135 1944 Curt.
1170 1901 1288 1945 Stud.
1320 1901 1397 1944 VI.
1433 1903 1530 1954 170,
1563 1904 1663 1954 201,
1688 1902 1831 1945 Christ

357 1997 361 2001 ·
416 1977 466 2021 Il.
499 1978 669 2035 Proleg.
705 1979 802 2029 170,
845 1978 894 2022 Gr.
926 1978 1074 2035 Meyer
1106 1979 1205 2023 238.
1270 1977 1399 2034 Apud
1431 1978 1666 2021 Homerum
1699 1993 1726 2019 α
1756 1994 1831 2022 vo-

416 2056 558 2098 cabuli
605 2057 708 2111 φάος
746 2056 870 2097 modo
901 2056 1074 2111 longum
1105 2056 1229 2098 modo
1262 2057 1388 2098 breve
1422 2055 1533 2108 est),
1566 2054 1641 2109 ἄορ
1671 2071 1711 2098 v.
1747 2056 1827 2097 191

417 2133 554 2187 (cujus
602 2132 652 2173 de
699 2132 840 2173 radice
887 2146 1014 2186 supra
1062 2132 1286 2187 disputavi.
1351 2131 1457 2174 Cum
1499 2131 1700 2174 hocloco
1731 2131 1832 2174 licet

417 2222 663 2263 comparare
710 2207 835 2249 Hom.
883 2207 932 2249 11.
990 2207 1105 2250 XXI.
1164 2208 1270 2250 173:
1328 2205 1711 2262 ἄορ-ἐρυσσάμενος,
1758 2207 1832 2249 ubi

416 2286 544 2327 breve
576 2286 805 2340 usurpatur
836 2298 886 2335 ας
920 2285 994 2327 sed
1027 2275 1118 2339 ἄορι
1149 2284 1199 2327 Il.
1232 2284 1284 2327 X.
1318 2285 1419 2337 484,
1450 2283 1527 2328 ΧΙ.
1559 2284 1686 2339 265);

417 2369 492 2402 ᾶο;
525 2357 783 2416 Λαοκόωσσᾳ
813 2377 852 2403 v.
888 2362 972 2403 206
1005 2361 1090 2414 (De
1122 2358 1320 2402 Λαοκόων
1352 2376 1404 2404 ex
1435 2359 1707 2421 Aotfonofmv
1735 2361 1832 2403 vide

416 2438 593 2493 Brugm.
627 2437 741 2480 Curt.
775 2437 894 2480 Stud.
927 2436 1002 2479 IV.
1029 2439 1126 2491 153,
1149 2438 1219 2490 34,
1243 2438 1359 2480 Gurt.
1383 2437 1564 2481 Grundz.
1590 2438 1688 2491 152,
1712 2438 1828 2488 362).

556 2548 609 2593 E.
671 2563 698 2589 α
729 2563 824 2591 cum
856 2564 942 2605 seq.
976 2564 1019 2589 ω.

559 2643 689 2699 Apud
734 2643 962 2686 Dorienses
996 2658 1055 2684 αω
1091 2643 1258 2686 vocales
1289 2643 1334 2685 in
1364 2657 1461 2699 gen.
1493 2643 1603 2698 plur.
1636 2643 1833 2698 stirpium

416 2735 495 2777 per
540 2733 565 2760 α
614 2720 857 2763 exeuntium
889 2720 934 2762 in
967 2726 993 2760 ᾶ
1023 2734 1136 2776 saepe
1169 2719 1422 2774 coalescunt,
1455 2720 1574 2776 cujus
1606 2719 1669 2763 rei
1699 2720 1743 2762 in
1773 2719 1831 2764 id.
