2056 3176
914 206 1141 247 „mm

322 326 449 368 etiam
481 325 525 367 in
556 324 713 367 Doride
746 338 771 380 η
803 324 993 379 praebere
1032 325 1174 366 monet
1205 323 1257 366 G.
1286 323 1434 379 Meyer
1466 325 1548 365 182
1581 324 1730 365 lauda-

320 403 375 445 tis
405 403 497 445 loco
538 401 776 452 Pindarico,
817 400 890 456 qui
929 402 992 442 est
1023 400 1070 442 P.
1103 401 1143 453 4,
1180 401 1276 451 138,
1310 402 1353 442 et
1383 415 1483 442 voce
1515 401 1605 452 lat,
1638 416 1731 455 quae

322 482 385 522 est
415 479 597 535 crepida,
630 493 651 520 e
683 478 841 520 Doride
874 477 1042 533 Magnae
1075 477 1249 520 Graeciae
1279 480 1469 532 sumpta3
1502 478 1575 520 lat.
1613 492 1732 533 carp·

320 557 500 599 isculum
541 557 695 607 autem,
733 570 988 610 quamquam
1027 555 1135 596 idem
1170 547 1266 596 fere
1292 569 1340 596 ac
1372 556 1519 610 κρηπίς
1548 555 1615 596 vel
1646 569 1730 596 cre·
1823 561 1831 566 ”

314 632 419 688 pida
449 632 675 688 significet,
707 634 882 686 propter
911 631 1064 672 radicis
1097 631 1283 673 vocalem
1316 631 1370 672 ab
1399 630 1466 671 his
1498 630 1727 672 abhorrere

319 709 514 751 ostendit.

460 785 525 827 De
557 782 629 841 ἡμι
661 788 832 836 (sanscr.
866 785 985 838 sami,
1017 784 1090 826 lat.
1122 785 1238 838 semi)
1262 799 1393 839 agens
1415 784 1591 826 Meister
1613 784 1728 826 Curt.

319 862 435 904 Stud.
484 860 558 904 IV.
608 863 691 904 380
738 877 825 916 seq.
873 875 898 917 η
937 877 988 903 ex
1020 862 1193 916 antiquo
1227 876 1252 901 α
1284 864 1430 902 natum
1472 876 1562 902 esse
1605 863 1728 916 putat

318 954 454 994 neque
492 953 568 993 pro
607 938 927 993 hyperdorismo
968 938 1209 980 habendum
1251 953 1341 979 esse
1385 931 1509 993 ῗιμισυ
1549 937 1727 980 Theocr.

318 1014 475 1056 XXIX.
509 1016 548 1057 5.
611 1013 725 1056 Idem
760 1030 858 1056 vero
888 1015 1064 1056 Meister
1085 1015 1215 1057 Diall.
1247 1013 1279 1056 I.
1306 1016 1358 1056 67
1382 1015 1568 1066 locoillo
1590 1013 1727 1056 Theo-

319 1091 451 1132 criteo
499 1104 524 1130 α
570 1091 862 1132 secundarium
911 1105 1000 1131 esse
1048 1091 1252 1132 concedit.
1316 1090 1390 1132 Cfr
1434 1090 1563 1131 Allen
1610 1090 1725 1132 Curt.

319 1167 437 1210 Stud.
477 1165 555 1210 III.
589 1169 687 1209 228.
723 1192 774 1196 -
810 1167 857 1209 G.
892 1167 1038 1222 Meyer
1070 1168 1125 1208 44
1157 1182 1243 1222 seq.
1276 1167 1377 1208 illud
1412 1161 1533 1221 ἇμισυ
1565 1166 1725 1222 hyper-

319 1244 546 1285 dorismum
577 1244 739 1289 librarii
773 1259 863 1285 esse
895 1244 1131 1298 suspicatus
1164 1243 1311 1285 Doridi
1344 1259 1509 1298 quoque
1538 1243 1727 1285 vindicat

316 1318 400 1377 ἡμι.
465 1320 538 1362 cfr
569 1320 746 1376 Brugm.
778 1319 927 1376 Vergl.
960 1319 1100 1362 Gram.
1134 1318 1166 1361 I.
1202 1321 1269 1361 64.

457 1399 550 1452 μηνί
597 1413 636 1440 v.
687 1399 782 1439 103.
846 1396 957 1438 Olim
1005 1396 1178 1452 Brugm.
1228 1397 1342 1439 Curt.
1384 1396 1502 1439 Stud.
1534 1396 1609 1439 IV.
1644 1398 1722 1440 87:

323 1473 499 1528 „Stirpis
522 1473 768 1528 principalis
791 1473 925 1521 forma
948 1476 1011 1514 est
1034 1475 1170 1526 μενς“,
1189 1488 1315 1527 quam
1338 1473 1590 1514 sententiam
1614 1488 1724 1516 nunc

316 1550 445 1605 vulgo
493 1550 694 1591 refutant.
758 1549 838 1591 Pro
878 1549 1079 1603 primaria
1109 1549 1254 1603 stirpis
1286 1550 1420 1591 forma
1452 1564 1593 1604 graeca
1624 1550 1724 1591 olim

315 1626 490 1667 Meister
523 1626 637 1667 Curt.
671 1626 789 1667 Stud.
823 1624 897 1667 IV.
932 1626 1015 1667 383
1047 1640 1132 1679 seq.
1166 1626 1316 1666 habuit
1347 1639 1461 1680 μανς,
1494 1626 1604 1667 unde
1634 1635 1738 1667 om-⁴

319 1717 393 1744 nes
441 1717 592 1758 graecae
626 1702 782 1757 linguae
814 1702 970 1743 formas
1003 1701 1267 1743 descendisse
1300 1702 1581 1753 existimavit3
1614 1703 1724 1757 quod

315 1793 414 1819 num
461 1779 554 1819 fieri
600 1778 787 1832 potuerit
822 1779 911 1832 jam
944 1777 1089 1819 Curtio
1121 1777 1321 1828 (Grundz.
1353 1779 1457 1830 333)
1490 1778 1612 1819 valde
1646 1779 1723 1820 du-

315 1855 429 1897 bium
476 1856 613 1897 visum
661 1859 736 1897 est.
799 1854 910 1896 Huic
957 1855 1046 1897 veri
1092 1854 1245 1896 simile·
1275 1855 1409 1896 visum
1444 1857 1507 1896 est
1538 1855 1724 1897 radicem

314 1931 429 1973 vocis
475 1931 656 1973 inveniri
701 1931 742 1972 in
789 1932 976 1972 indoeur.
1009 1945 1076 1972 ma
1109 1950 1162 1964 =
1193 1932 1331 1972 metiri
1361 1931 1405 1981 (l.
1438 1930 1506 1984 c.).
1570 1931 1643 1973 Cfr
1673 1932 1722 1974 L.

314 2008 462 2063 Meyer
509 2009 606 2050 626.
668 2007 792 2049 Nunc
838 2009 950 2049 inter
995 2008 1292 2063 grammaticos
1325 2010 1487 2049 constat
1518 2008 1723 2064 primige-

313 2084 429 2125 niam
474 2083 617 2138 stirpis
663 2084 842 2125 formam
888 2098 1072 2139 graecam
1104 2097 1206 2139 μηνσ
1239 2098 1329 2125 esse
1361 2086 1486 2138 atque
1519 2084 1616 2125 inde
1649 2099 1723 2126 ex-

312 2161 469 2201 stitisse
515 2161 560 2201 in
605 2160 762 2201 Doride
810 2162 890 2215 μής
923 2184 975 2188 --
1009 2163 1145 2215 μηνός,
1188 2160 1231 2200 in
1265 2153 1363 2201 Iade
1396 2162 1485 2214 μείς
1519 2185 1571 2189 —
1596 2163 1723 2215 μηνός

313 2235 412 2291 (μής
443 2239 485 2277 et
517 2238 606 2291 μείς
637 2251 689 2277 ex
721 2249 849 2291 μηνσσ
880 2236 1019 2277 vocali
1050 2249 1075 2290 η
1109 2236 1332 2290 correpta),
1366 2236 1409 2276 in
1442 2236 1621 2278 Atthide
1644 2240 1722 2291 μήν

313 2312 644 2368 (nonnumquam
691 2313 819 2354 etiam
855 2312 899 2353 in
931 2311 1053 2363 Iade3
1103 2315 1232 2375 μήν-θ
1266 2312 1432 2354 casibus
1465 2313 1647 2367 obliquis
1679 2313 1722 2354 in

312 2389 617 2431 nominativum
651 2404 814 2444 quoque
847 2391 1077 2444 receptum,
1110 2388 1158 2431 G.
1192 2389 1340 2445 Meyer
1371 2390 1475 2443 287)
1509 2414 1560 2418 —
1585 2392 1721 2445 μηνός,

312 2466 356 2507 in
378 2466 503 2509 Lesb.
528 2466 709 2508 dialecto
732 2481 829 2523 gen.
853 2468 998 2522 μηννός
1020 2465 1242 2522 (μηνσ-ος).
1305 2466 1379 2509 Cfr
1401 2466 1517 2509 Curt.
1540 2466 1722 2510 GrundZ.

310 2542 339 2584 l.
374 2557 423 2594 c.‚
455 2543 573 2585 Stud.
607 2541 664 2586 II.
699 2544 796 2595 173,
828 2543 1006 2585 Meister
1032 2543 1161 2584 Diall.
1185 2541 1219 2584 I.
1246 2544 1342 2594 138,
1365 2543 1415 2585 G.
1437 2543 1585 2598 Meyer
1607 2543 1720 2585 Curt.

313 2618 431 2661 Stud.
463 2618 516 2662 V.
550 2620 618 2670 83,
652 2619 821 2662 Griech.
855 2618 997 2661 Gram.
1029 2620 1085 2661 44
1108 2622 1150 2661 et
1171 2622 1272 2671 not.,
1296 2621 1395 2672 287,
1419 2621 1517 2671 305,
1541 2619 1718 2676 Brugm.
